<?xml version='1.0' encoding='UTF-8'?>
<collection xmlns='http://www.loc.gov/MARC21/slim' xmlns:xsi='http://www.w3.org/2001/XMLSchema-instance' xsi:schemaLocation='http://www.loc.gov/MARC21/slim http://www.loc.gov/standards/marcxml/schema/MARC21slim.xsd'>
<record xmlns='http://www.loc.gov/MARC21/slim'><leader>01272cam a22003734a 4500</leader><controlfield tag='005'>20170825211423.0</controlfield><controlfield tag='008'>050325s2005    njua     b    001 0 eng  </controlfield><controlfield tag='001'>991012166819703811</controlfield><datafield ind1=' ' ind2=' ' tag='010'><subfield code='a'>2005008601</subfield></datafield><datafield ind1=' ' ind2=' ' tag='020'><subfield code='a'>0470021756 (cloth : alk. paper)</subfield></datafield><datafield ind1=' ' ind2=' ' tag='035'><subfield code='a'>(PPT)b29959469-01tuli_inst</subfield></datafield><datafield ind1=' ' ind2=' ' tag='035'><subfield code='a'>ocn491560139</subfield><subfield code='9'>ExL</subfield></datafield><datafield ind1=' ' ind2=' ' tag='035'><subfield code='a'>PPTb29959469</subfield></datafield><datafield ind1=' ' ind2=' ' tag='035'><subfield code='a'>ocm58807256</subfield></datafield><datafield ind1=' ' ind2=' ' tag='035'><subfield code='a'>(OCLC)ocm58807256</subfield></datafield><datafield ind1=' ' ind2=' ' tag='040'><subfield code='a'>DLC</subfield><subfield code='c'>DLC</subfield><subfield code='d'>DLC</subfield></datafield><datafield ind1=' ' ind2=' ' tag='042'><subfield code='a'>pcc</subfield></datafield><datafield ind1=' ' ind2=' ' tag='079'><subfield code='a'>ocm58807256</subfield></datafield><datafield ind1=' ' ind2=' ' tag='090'><subfield code='a'>QH324.25</subfield><subfield code='b'>.K44 2005</subfield></datafield><datafield ind1='1' ind2=' ' tag='100'><subfield code='a'>Keedwell, Edward.</subfield></datafield><datafield ind1='1' ind2='0' tag='245'><subfield code='a'>Intelligent bioinformatics :</subfield><subfield code='b'>the application of artificial intelligence techniques to bioinformatics problems /</subfield><subfield code='c'>Edward Keedwell and Ajit Narayanan.</subfield></datafield><datafield ind1=' ' ind2=' ' tag='260'><subfield code='a'>Hoboken, NJ :</subfield><subfield code='b'>Wiley,</subfield><subfield code='c'>c2005.</subfield></datafield><datafield ind1=' ' ind2=' ' tag='300'><subfield code='a'>viii, 280 p. :</subfield><subfield code='b'>ill. ;</subfield><subfield code='c'>24 cm.</subfield></datafield><datafield ind1=' ' ind2=' ' tag='504'><subfield code='a'>Includes bibliographical references and index.</subfield></datafield><datafield ind1=' ' ind2='0' tag='650'><subfield code='a'>Artificial intelligence</subfield><subfield code='x'>Biological applications.</subfield></datafield><datafield ind1=' ' ind2='0' tag='650'><subfield code='a'>Bioinformatics.</subfield></datafield><datafield ind1='1' ind2=' ' tag='700'><subfield code='a'>Narayanan, Ajit,</subfield><subfield code='d'>1952-</subfield></datafield><datafield ind1='4' ind2='1' tag='856'><subfield code='z'>Access Table of contents.</subfield><subfield code='u'>http://www.loc.gov/catdir/toc/ecip0510/2005008601.html</subfield></datafield><datafield ind1=' ' ind2=' ' tag='902'><subfield code='a'>111229</subfield></datafield><datafield ind1=' ' ind2=' ' tag='907'><subfield code='a'>.b29959469</subfield><subfield code='b'>p    </subfield><subfield code='c'>-</subfield></datafield><datafield ind1=' ' ind2=' ' tag='945'><subfield code='l'>pstk </subfield><subfield code='g'>1</subfield></datafield><datafield ind1=' ' ind2=' ' tag='979'><subfield code='a'>ocm58807256</subfield></datafield><datafield ind1=' ' ind2=' ' tag='998'><subfield code='b'>0</subfield><subfield code='c'>060526</subfield><subfield code='d'>m</subfield><subfield code='e'>a</subfield><subfield code='f'>-</subfield><subfield code='g'>0</subfield></datafield><datafield ind1=' ' ind2=' ' tag='998'><subfield code='a'>05/26/06</subfield><subfield code='s'>LC</subfield><subfield code='c'>YL</subfield></datafield><datafield ind1=' ' ind2=' ' tag='ADM'><subfield code='b'>2017-08-26 01:14:23</subfield><subfield code='e'>b29959469-01tuli_inst</subfield><subfield code='d'>ILS</subfield><subfield code='a'>2017-06-20 10:10:36</subfield><subfield code='c'>false</subfield></datafield><datafield ind1='0' ind2=' ' tag='HLD'><subfield code='b'>MAIN</subfield><subfield code='c'>stacks</subfield><subfield code='h'>QH324.25</subfield><subfield code='i'>.K44 2005</subfield><subfield code='8'>22300568080003811</subfield></datafield><datafield ind1=' ' ind2=' ' tag='ITM'><subfield code='r'>22300568080003811</subfield><subfield code='b'>1</subfield><subfield code='h'>0</subfield><subfield code='g'>stacks</subfield><subfield code='t'>BOOK</subfield><subfield code='9'>39074018567750</subfield><subfield code='e'>stacks</subfield><subfield code='8'>23300568070003811</subfield><subfield code='a'>0</subfield><subfield code='q'>2017-06-20 10:10:36</subfield><subfield code='i'>QH324.25 .K44 2005</subfield><subfield code='d'>MAIN</subfield><subfield code='f'>MAIN</subfield></datafield></record>