
<record xmlns='http://www.loc.gov/MARC21/slim'><leader>01091nam  22002774a 4500</leader><controlfield tag='001'>991036792783003811</controlfield><controlfield tag='005'>20170809164732.0</controlfield><controlfield tag='006'>m     o  d |      </controlfield><controlfield tag='007'>cr -n---------</controlfield><controlfield tag='008'>050325s2005    njua    ob    001 0 eng  </controlfield><datafield ind1=' ' ind2=' ' tag='010'><subfield code='z'>  2005008601</subfield></datafield><datafield ind1=' ' ind2=' ' tag='020'><subfield code='a'>1-280-28753-5</subfield></datafield><datafield ind1=' ' ind2=' ' tag='020'><subfield code='a'>9786610287536</subfield></datafield><datafield ind1=' ' ind2=' ' tag='020'><subfield code='a'>0-470-01572-1</subfield></datafield><datafield ind1=' ' ind2=' ' tag='020'><subfield code='a'>0-470-02176-4</subfield></datafield><datafield ind1=' ' ind2=' ' tag='035'><subfield code='a'>(CKB)1000000000357233</subfield></datafield><datafield ind1=' ' ind2=' ' tag='035'><subfield code='a'>(EBL)242936</subfield></datafield><datafield ind1=' ' ind2=' ' tag='035'><subfield code='a'>(OCoLC)475962221</subfield></datafield><datafield ind1=' ' ind2=' ' tag='035'><subfield code='a'>(SSID)ssj0000180598</subfield></datafield><datafield ind1=' ' ind2=' ' tag='035'><subfield code='a'>(PQKBManifestationID)11938928</subfield></datafield><datafield ind1=' ' ind2=' ' tag='035'><subfield code='a'>(PQKBTitleCode)TC0000180598</subfield></datafield><datafield ind1=' ' ind2=' ' tag='035'><subfield code='a'>(PQKBWorkID)10168113</subfield></datafield><datafield ind1=' ' ind2=' ' tag='035'><subfield code='a'>(PQKB)11551266</subfield></datafield><datafield ind1=' ' ind2=' ' tag='035'><subfield code='a'>(MiAaPQ)EBC242936</subfield></datafield><datafield ind1=' ' ind2=' ' tag='035'><subfield code='a'>(EXLCZ)991000000000357233</subfield></datafield><datafield ind1=' ' ind2=' ' tag='040'><subfield code='a'>MiAaPQ</subfield><subfield code='c'>MiAaPQ</subfield><subfield code='d'>MiAaPQ</subfield></datafield><datafield ind1=' ' ind2=' ' tag='041'><subfield code='a'>eng</subfield></datafield><datafield ind1=' ' ind2='4' tag='050'><subfield code='a'>QH324.25</subfield><subfield code='b'>.K44 2005</subfield></datafield><datafield ind1='0' ind2='0' tag='082'><subfield code='a'>570.28563</subfield><subfield code='a'>570/.285</subfield></datafield><datafield ind1='1' ind2=' ' tag='100'><subfield code='a'>Keedwell, Edward.</subfield></datafield><datafield ind1='1' ind2='0' tag='245'><subfield code='a'>Intelligent bioinformatics</subfield><subfield code='h'>[electronic resource] :</subfield><subfield code='b'>the application of artificial intelligence techniques to bioinformatics problems /</subfield><subfield code='c'>Edward Keedwell and Ajit Narayanan.</subfield></datafield><datafield ind1=' ' ind2=' ' tag='260'><subfield code='a'>Hoboken, NJ :</subfield><subfield code='b'>Wiley,</subfield><subfield code='c'>c2005.</subfield></datafield><datafield ind1=' ' ind2=' ' tag='300'><subfield code='a'>1 online resource (294 p.)</subfield></datafield><datafield ind1=' ' ind2=' ' tag='336'><subfield code='a'>text</subfield><subfield code='b'>txt</subfield></datafield><datafield ind1=' ' ind2=' ' tag='337'><subfield code='a'>computer</subfield><subfield code='b'>c</subfield></datafield><datafield ind1=' ' ind2=' ' tag='338'><subfield code='a'>online resource</subfield><subfield code='b'>cr</subfield></datafield><datafield ind1=' ' ind2=' ' tag='500'><subfield code='a'>Description based upon print version of record.</subfield></datafield><datafield ind1='0' ind2=' ' tag='505'><subfield code='a'>Intelligent Bioinformatics; Contents; Preface; Acknowledgement; PART 1 INTRODUCTION; 1 Introduction to the Basics of Molecular Biology; 1.1 Basic cell architecture; 1.2 The structure, content and scale of deoxyribonucleic acid (DNA); 1.3 History of the human genome; 1.4 Genes and proteins; 1.5 Current knowledge and the &apos;central dogma&apos;; 1.6 Why proteins are important; 1.7 Gene and cell regulation; 1.8 When cell regulation goes wrong; 1.9 So, what is bioinformatics?; 1.10 Summary of chapter; 1.11 Further reading; 2 Introduction to Problems and Challenges in Bioinformatics; 2.1 Introduction</subfield></datafield><datafield ind1='8' ind2=' ' tag='505'><subfield code='a'>2.2 Genome2.3 Transcriptome; 2.4 Proteome; 2.5 Interference technology, viruses and the immune system; 2.6 Summary of chapter; 2.7 Further reading; 3 Introduction to Artificial Intelligence and Computer Science; 3.1 Introduction to search; 3.2 Search algorithms; 3.3 Heuristic search methods; 3.4 Optimal search strategies; 3.5 Problems with search techniques; 3.6 Complexity of search; 3.7 Use of graphs in bioinformatics; 3.8 Grammars, languages and automata; 3.9 Classes of problems; 3.10 Summary of chapter; 3.11 Further reading; PART 2 CURRENT TECHNIQUES; 4 Probabilistic Approaches</subfield></datafield><datafield ind1='8' ind2=' ' tag='505'><subfield code='a'>4.1 Introduction to probability4.2 Bayes&apos; Theorem; 4.3 Bayesian networks; 4.4 Markov networks; 4.5 Summary of chapter; 4.6 References; 5 Nearest Neighbour and Clustering Approaches; 5.1 Introduction; 5.2 Nearest neighbour method; 5.3 Nearest neighbour approach for secondary structure protein folding prediction; 5.4 Clustering; 5.5 Advanced clustering techniques; 5.6 Application guidelines; 5.7 Summary of chapter; 5.8 References; 6 Identification (Decision) Trees; 6.1 Method; 6.2 Gain criterion; 6.3 Over fitting and pruning; 6.4 Application guidelines; 6.5 Bioinformatics applications</subfield></datafield><datafield ind1='8' ind2=' ' tag='505'><subfield code='a'>6.6 Background6.7 Summary of chapter; 6.8 References; 7 Neural Networks; 7.1 Method; 7.2 Application guidelines; 7.3 Bioinformatics applications; 7.4 Background; 7.5 Summary of chapter; 7.6 References; 8 Genetic Algorithms; 8.1 Single-objective genetic algorithms - method; 8.2 Single-objective genetic algorithms - example; 8.3 Multi-objective genetic algorithms - method; 8.4 Application guidelines; 8.5 Genetic algorithms - bioinformatics applications; 8.6 Summary of chapter; 8.7 References and further reading; PART 3 FUTURE TECHNIQUES; 9 Genetic Programming; 9.1 Method</subfield></datafield><datafield ind1='8' ind2=' ' tag='505'><subfield code='a'>9.2 Application guidelines9.3 Bioinformatics applications; 9.4 Background; 9.5 Summary of chapter; 9.6 References; 10 Cellular Automata; 10.1 Method; 10.2 Application guidelines; 10.3 Bioinformatics applications; 10.4 Background; 10.5 Summary of chapter; 10.6 References and further reading; 11 Hybrid Methods; 11.1 Method; 11.2 Neural-genetic algorithm for analysing gene expression data; 11.3 Genetic algorithm and k nearest neighbour hybrid for biochemistry solvation; 11.4 Genetic programming neural networks for determining gene - gene interactions in epidemiology; 11.5 Application guidelines</subfield></datafield><datafield ind1='8' ind2=' ' tag='505'><subfield code='a'>11.6 Conclusions</subfield></datafield><datafield ind1=' ' ind2=' ' tag='520'><subfield code='a'>Bioinformatics is contributing to some of the most important advances in medicine and biology. At the forefront of this exciting new subject are techniques known as artificial intelligence which are inspired by the way in which nature solves the problems it faces. This book provides a unique insight into the complex problems of bioinformatics and the innovative solutions which make up &apos;intelligent bioinformatics&apos;. Intelligent Bioinformatics requires only rudimentary knowledge of biology, bioinformatics or computer science and is aimed at interested readers regardless of discipl</subfield></datafield><datafield ind1=' ' ind2=' ' tag='546'><subfield code='a'>English</subfield></datafield><datafield ind1=' ' ind2=' ' tag='504'><subfield code='a'>Includes bibliographical references and index.</subfield></datafield><datafield ind1=' ' ind2='0' tag='650'><subfield code='a'>Artificial intelligence</subfield><subfield code='x'>Biological applications.</subfield></datafield><datafield ind1=' ' ind2='0' tag='650'><subfield code='a'>Bioinformatics.</subfield></datafield><datafield ind1=' ' ind2='4' tag='655'><subfield code='a'>Electronic books.</subfield></datafield><datafield ind1=' ' ind2=' ' tag='776'><subfield code='z'>0-470-02175-6</subfield></datafield><datafield ind1='1' ind2=' ' tag='700'><subfield code='a'>Narayanan, Ajit,</subfield><subfield code='d'>1952-</subfield></datafield><datafield ind1=' ' ind2=' ' tag='906'><subfield code='a'>BOOK</subfield></datafield><datafield ind1=' ' ind2=' ' tag='ADM'><subfield code='b'>2017-11-28 19:22:23</subfield><subfield code='e'>991000000000357233</subfield><subfield code='d'>NON_SFX</subfield><subfield code='f'>20160803134623.0</subfield><subfield code='a'>2012-02-25 22:52:35</subfield><subfield code='c'>false</subfield></datafield><datafield ind1=' ' ind2=' ' tag='PRT'><subfield code='a'>53363358550003811</subfield><subfield code='b'>https://sandbox01-na.alma.exlibrisgroup.com/view/uresolver/01TULI_INST/openurl?u.ignore_date_coverage=true&amp;rft.mms_id=991036792783003811</subfield><subfield code='e'>Wiley Online Library</subfield><subfield code='9'>Available</subfield><subfield code='c'>Wiley Online Library UBCM all Online Books</subfield><subfield code='h'>613800000000000218</subfield><subfield code='8'>53363358550003811</subfield></datafield></record>