
<record xmlns='http://www.loc.gov/MARC21/slim'><leader>01448nam a2200385 a 4500</leader><controlfield tag='005'>20180315155119.0</controlfield><controlfield tag='008'>971014s1997    gw a     b    101 0 eng  </controlfield><controlfield tag='001'>991001020419703811</controlfield><datafield ind1=' ' ind2=' ' tag='010'><subfield code='a'>97027806</subfield></datafield><datafield ind1=' ' ind2=' ' tag='020'><subfield code='a'>3540633707 (softcover : alk. paper)</subfield></datafield><datafield ind1=' ' ind2=' ' tag='035'><subfield code='a'>(PPT)b17876734-01tuli_inst</subfield></datafield><datafield ind1=' ' ind2=' ' tag='035'><subfield code='a'>(CStRLIN)ocn480554500</subfield><subfield code='9'>ExL</subfield></datafield><datafield ind1=' ' ind2=' ' tag='035'><subfield code='a'>PATG97-B20607</subfield></datafield><datafield ind1=' ' ind2=' ' tag='035'><subfield code='a'>ocm37331595</subfield></datafield><datafield ind1=' ' ind2=' ' tag='035'><subfield code='a'>(OCLC)ocm37331595</subfield></datafield><datafield ind1=' ' ind2=' ' tag='040'><subfield code='a'>DLC</subfield><subfield code='c'>DLC</subfield><subfield code='d'>DLC</subfield><subfield code='d'>PPT</subfield></datafield><datafield ind1=' ' ind2=' ' tag='079'><subfield code='a'>ocm37331595</subfield></datafield><datafield ind1=' ' ind2=' ' tag='090'><subfield code='a'>QA76.L43x v.1278</subfield></datafield><datafield ind1='2' ind2=' ' tag='111'><subfield code='a'>German Conference on Bioinformatics</subfield><subfield code='d'>(1996 :</subfield><subfield code='c'>Leipzig, Germany)</subfield></datafield><datafield ind1='1' ind2='0' tag='245'><subfield code='a'>Bioinformatics :</subfield><subfield code='b'>German Conference on Bioinformatics, GCB &apos;96, Leipzig, Germany, September 30-October 2, 1996 : selected papers /</subfield><subfield code='c'>Ralf Hofestädt ... [et al.].</subfield></datafield><datafield ind1=' ' ind2=' ' tag='260'><subfield code='a'>Berlin ;</subfield><subfield code='a'>New York :</subfield><subfield code='b'>Springer,</subfield><subfield code='c'>c1997.</subfield></datafield><datafield ind1=' ' ind2=' ' tag='300'><subfield code='a'>xi, 222 p. :</subfield><subfield code='b'>ill. ;</subfield><subfield code='c'>24 cm.</subfield></datafield><datafield ind1=' ' ind2='0' tag='440'><subfield code='a'>Lecture notes in computer science,</subfield><subfield code='x'>0302-9743 ;</subfield><subfield code='v'>1278</subfield></datafield><datafield ind1=' ' ind2=' ' tag='504'><subfield code='a'>Includes bibliographical references and index.</subfield></datafield><datafield ind1=' ' ind2='0' tag='650'><subfield code='a'>Molecular biology</subfield><subfield code='x'>Data processing</subfield><subfield code='x'>Congresses.</subfield></datafield><datafield ind1=' ' ind2='0' tag='650'><subfield code='a'>Gene mapping</subfield><subfield code='x'>Data processing</subfield><subfield code='x'>Congresses.</subfield></datafield><datafield ind1='1' ind2=' ' tag='700'><subfield code='a'>Hofestädt, Ralf.</subfield></datafield><datafield ind1=' ' ind2=' ' tag='907'><subfield code='a'>.b17876734</subfield><subfield code='b'>p    </subfield><subfield code='c'>-</subfield></datafield><datafield ind1=' ' ind2=' ' tag='935'><subfield code='a'>00856675</subfield></datafield><datafield ind1=' ' ind2=' ' tag='945'><subfield code='l'>pstk </subfield><subfield code='g'>1</subfield></datafield><datafield ind1=' ' ind2=' ' tag='950'><subfield code='l'>P</subfield><subfield code='i'>10/14/97 N</subfield></datafield><datafield ind1=' ' ind2=' ' tag='955'><subfield code='l'>P</subfield><subfield code='c'>0</subfield><subfield code='r'>39074010626299</subfield><subfield code='i'>10/14/97 C</subfield></datafield><datafield ind1=' ' ind2=' ' tag='979'><subfield code='a'>ocm37331595</subfield></datafield><datafield ind1=' ' ind2=' ' tag='998'><subfield code='b'>1</subfield><subfield code='c'>990101</subfield><subfield code='d'>m</subfield><subfield code='e'>a</subfield><subfield code='f'>-</subfield><subfield code='g'>0</subfield></datafield><datafield ind1=' ' ind2=' ' tag='998'><subfield code='a'>10/14/97</subfield><subfield code='t'>c</subfield><subfield code='s'>9110</subfield><subfield code='l'>PATG</subfield><subfield code='n'>PPT</subfield><subfield code='w'>DCLC9727806B</subfield><subfield code='d'>10/14/97</subfield><subfield code='c'>EC</subfield><subfield code='b'>MW</subfield></datafield><datafield ind1=' ' ind2=' ' tag='ADM'><subfield code='b'>2018-03-15 19:51:19</subfield><subfield code='e'>b17876734-01tuli_inst</subfield><subfield code='d'>ILS</subfield><subfield code='a'>2017-06-20 12:28:22</subfield><subfield code='c'>false</subfield></datafield><datafield ind1='0' ind2=' ' tag='HLD'><subfield code='b'>MAIN</subfield><subfield code='c'>stacks</subfield><subfield code='h'>QA76.L43x v.1278</subfield><subfield code='8'>22318416730003811</subfield></datafield><datafield ind1=' ' ind2=' ' tag='ITM'><subfield code='r'>22318416730003811</subfield><subfield code='b'>1</subfield><subfield code='h'>0</subfield><subfield code='g'>stacks</subfield><subfield code='t'>BOOK</subfield><subfield code='9'>39074010626299</subfield><subfield code='e'>stacks</subfield><subfield code='8'>23318416720003811</subfield><subfield code='a'>0</subfield><subfield code='q'>2017-06-20 12:28:22</subfield><subfield code='i'>QA76.L43x v.1278</subfield><subfield code='d'>MAIN</subfield><subfield code='f'>MAIN</subfield></datafield></record>