
<record xmlns='http://www.loc.gov/MARC21/slim'><leader>01820nam  2200373 i 4500</leader><controlfield tag='001'>991036792407903811</controlfield><controlfield tag='005'>20170814190105.0</controlfield><controlfield tag='006'>m     o  d |      </controlfield><controlfield tag='007'>cr -n---------</controlfield><controlfield tag='008'>160818t19951995gw a    ob    000 0 eng d</controlfield><datafield ind1=' ' ind2=' ' tag='020'><subfield code='a'>1-281-84272-9</subfield></datafield><datafield ind1=' ' ind2=' ' tag='020'><subfield code='a'>9786611842727</subfield></datafield><datafield ind1=' ' ind2=' ' tag='020'><subfield code='a'>3-527-61519-9</subfield></datafield><datafield ind1=' ' ind2=' ' tag='020'><subfield code='a'>3-527-61518-0</subfield></datafield><datafield ind1=' ' ind2=' ' tag='035'><subfield code='a'>(CKB)1000000000377150</subfield></datafield><datafield ind1=' ' ind2=' ' tag='035'><subfield code='a'>(EBL)481704</subfield></datafield><datafield ind1=' ' ind2=' ' tag='035'><subfield code='a'>(OCoLC)608693656</subfield></datafield><datafield ind1=' ' ind2=' ' tag='035'><subfield code='a'>(SSID)ssj0000111877</subfield></datafield><datafield ind1=' ' ind2=' ' tag='035'><subfield code='a'>(PQKBManifestationID)11125311</subfield></datafield><datafield ind1=' ' ind2=' ' tag='035'><subfield code='a'>(PQKBTitleCode)TC0000111877</subfield></datafield><datafield ind1=' ' ind2=' ' tag='035'><subfield code='a'>(PQKBWorkID)10080564</subfield></datafield><datafield ind1=' ' ind2=' ' tag='035'><subfield code='a'>(PQKB)11161511</subfield></datafield><datafield ind1=' ' ind2=' ' tag='035'><subfield code='a'>(MiAaPQ)EBC481704</subfield></datafield><datafield ind1=' ' ind2=' ' tag='035'><subfield code='a'>(EXLCZ)991000000000377150</subfield></datafield><datafield ind1=' ' ind2=' ' tag='040'><subfield code='a'>MiAaPQ</subfield><subfield code='b'>eng</subfield><subfield code='e'>rda</subfield><subfield code='e'>pn</subfield><subfield code='c'>MiAaPQ</subfield><subfield code='d'>MiAaPQ</subfield></datafield><datafield ind1=' ' ind2=' ' tag='041'><subfield code='a'>eng</subfield></datafield><datafield ind1=' ' ind2='4' tag='050'><subfield code='a'>QH581.2</subfield><subfield code='b'>.B565 1995</subfield></datafield><datafield ind1='0' ind2='0' tag='082'><subfield code='a'>572.60285</subfield><subfield code='a'>572.80285</subfield></datafield><datafield ind1='1' ind2=' ' tag='100'><subfield code='a'>Lessel, Uta.</subfield></datafield><datafield ind1=' ' ind2=' ' tag='110'><subfield code='a'>Conference on &quot;Bioinformatics&quot;</subfield><subfield code='e'>Corporate Author</subfield></datafield><datafield ind1='0' ind2='0' tag='245'><subfield code='a'>Bioinformatics :</subfield><subfield code='b'>from nucleic acids and proteins to cell metabolism : contributions to the conference on &quot;Bioinformatics&quot; October 9 to 11, 1995 Braunschweig, Germany /</subfield><subfield code='c'>edited by Dietmar Schomburg, Uta Lessel.</subfield></datafield><datafield ind1=' ' ind2='1' tag='264'><subfield code='a'>Weinheim, [Germany] :</subfield><subfield code='b'>VCH,</subfield><subfield code='c'>1995.</subfield></datafield><datafield ind1=' ' ind2='4' tag='264'><subfield code='c'>©1995</subfield></datafield><datafield ind1=' ' ind2=' ' tag='300'><subfield code='a'>1 online resource (208 p.)</subfield></datafield><datafield ind1=' ' ind2=' ' tag='336'><subfield code='a'>text</subfield><subfield code='b'>txt</subfield></datafield><datafield ind1=' ' ind2=' ' tag='337'><subfield code='a'>computer</subfield><subfield code='b'>c</subfield></datafield><datafield ind1=' ' ind2=' ' tag='338'><subfield code='a'>online resource</subfield><subfield code='b'>cr</subfield></datafield><datafield ind1='1' ind2=' ' tag='490'><subfield code='a'>GBF Monographs ;</subfield><subfield code='v'>Volume 18</subfield></datafield><datafield ind1=' ' ind2=' ' tag='500'><subfield code='a'>Description based upon print version of record.</subfield></datafield><datafield ind1='0' ind2=' ' tag='505'><subfield code='a'>Bioinformatics : From Nucleic Acids and Proteins to Cell Metabolism; Contents; List of Authors; I. Biological Data Bases; An Integrated Services Approach to Biological Sequence Databases; II. DNA and RNA; Das Gensequenzanalysesystem DIANA; Statistical Analysis of DNA Sequences; A Consensus Match Scoring System that is Correlated with Biological Functionality; Algorithmic Representation of Large RNA Folding Landscapes; III. Protein Sequences and Structures; Statistical Significance of Local Alignments with Gaps; Classification of Local Protein Structural Motifs by Kohonen Networks</subfield></datafield><datafield ind1='8' ind2=' ' tag='505'><subfield code='a'>Data set heterogeneities and their effects on the derivation of contact potential3D-Segmentierungstechniken und vektorwertige Bewertungsfunktionen für symbolisches Protein-Protein-Docking; An Algorithm for the Protein Docking Problem; IV. From Molecules to Cell Metabolism; Force Field Minimization: Domain Decomposition, Positive Definite Functions, and Wavelets; Ähnlichkeitsanalyse biologisch aktiver Moleküle mit durch Autokorrelationsvektoren trainierten selbstorganisierenden Karten; Algebraic Methods for the Analysis of Redundancy and Identifiability in Metabolic 13C-Labelling Systems</subfield></datafield><datafield ind1='8' ind2=' ' tag='505'><subfield code='a'>Simulation and Animation of Intracellular Diffusion</subfield></datafield><datafield ind1=' ' ind2=' ' tag='520'><subfield code='a'>Bioinformatics, in this context the application of computer science to biological problems, has become an indispensable part of any research in the biosciences. Rapid developments in gene sequencing, structure determination as well as rational protein engineering and design have made it necessary for biologists, chemists, and computer scientists to channel their expertise into large scale collaborative projects. This GBF Monograph gives a general overview of the latest versatile activities in bioinformatics:* Biological Data Bases* DNA and RNA* Protein Sequences and Structures&lt;</subfield></datafield><datafield ind1=' ' ind2=' ' tag='546'><subfield code='a'>English</subfield></datafield><datafield ind1=' ' ind2=' ' tag='504'><subfield code='a'>Includes bibliographical references at the end of each chapters.</subfield></datafield><datafield ind1=' ' ind2=' ' tag='588'><subfield code='a'>Description based on online resource; title from PDF title page (ebrary, viewed August 11, 2016).</subfield></datafield><datafield ind1=' ' ind2='0' tag='650'><subfield code='a'>DNA data banks</subfield><subfield code='v'>Congresses.</subfield></datafield><datafield ind1=' ' ind2='0' tag='650'><subfield code='a'>Cytology</subfield><subfield code='x'>Databases</subfield><subfield code='v'>Congresses.</subfield></datafield><datafield ind1=' ' ind2='4' tag='655'><subfield code='a'>Electronic books.</subfield></datafield><datafield ind1=' ' ind2=' ' tag='776'><subfield code='z'>3-527-30072-4</subfield></datafield><datafield ind1='1' ind2=' ' tag='700'><subfield code='a'>Schomburg, D.</subfield><subfield code='q'>(Dietmar),</subfield><subfield code='e'>editor.</subfield></datafield><datafield ind1='1' ind2=' ' tag='700'><subfield code='a'>Lessel, Uta,</subfield><subfield code='e'>editor.</subfield></datafield><datafield ind1=' ' ind2='0' tag='830'><subfield code='a'>GBF monographs</subfield></datafield><datafield ind1=' ' ind2=' ' tag='906'><subfield code='a'>BOOK</subfield></datafield><datafield ind1=' ' ind2=' ' tag='ADM'><subfield code='b'>2017-12-03 09:08:20</subfield><subfield code='e'>991000000000377150</subfield><subfield code='d'>NON_SFX</subfield><subfield code='f'>20160803134623.0</subfield><subfield code='a'>2012-02-26 01:42:58</subfield><subfield code='c'>false</subfield></datafield><datafield ind1=' ' ind2=' ' tag='PRT'><subfield code='a'>53363226600003811</subfield><subfield code='b'>https://sandbox01-na.alma.exlibrisgroup.com/view/uresolver/01TULI_INST/openurl?u.ignore_date_coverage=true&amp;rft.mms_id=991036792407903811</subfield><subfield code='e'>Wiley Online Library</subfield><subfield code='9'>Available</subfield><subfield code='c'>Wiley Online Library UBCM all Online Books</subfield><subfield code='h'>613800000000000218</subfield><subfield code='8'>53363226600003811</subfield></datafield></record>