
<record xmlns='http://www.loc.gov/MARC21/slim'><leader>02127nasZZ2200589ZiZ4500</leader><controlfield tag='001'>991036719384303811</controlfield><controlfield tag='005'>20180327173355.0</controlfield><controlfield tag='006'>m-----o--d--------</controlfield><controlfield tag='008'>980527c19989999enkmr-pso-----0----0eng-c</controlfield><datafield ind1=' ' ind2=' ' tag='010'><subfield code='a'>   00238384</subfield></datafield><datafield ind1=' ' ind2=' ' tag='022'><subfield code='a'>1367-4811</subfield></datafield><datafield ind1=' ' ind2=' ' tag='035'><subfield code='a'>(OCoLC)38899833</subfield></datafield><datafield ind1=' ' ind2=' ' tag='035'><subfield code='a'>(CKB)954925620164</subfield></datafield><datafield ind1=' ' ind2=' ' tag='035'><subfield code='a'>(CONSER)---00238384-</subfield></datafield><datafield ind1=' ' ind2=' ' tag='035'><subfield code='a'>(EXLCZ)99954925620164</subfield></datafield><datafield ind1=' ' ind2=' ' tag='037'><subfield code='b'>Oxford University Press, Great Clarendon Street, Oxford, OX2 6DP, England</subfield></datafield><datafield ind1=' ' ind2=' ' tag='042'><subfield code='a'>pcc</subfield></datafield><datafield ind1='1' ind2='4' tag='050'><subfield code='a'>QH324.2</subfield></datafield><datafield ind1='0' ind2='4' tag='082'><subfield code='a'>570.285</subfield></datafield><datafield ind1='0' ind2=' ' tag='130'><subfield code='a'>Bioinformatics (Oxford, England : Online)</subfield></datafield><datafield ind1=' ' ind2=' ' tag='210'><subfield code='a'>BIOINFORMATICS (OXF)</subfield></datafield><datafield ind1=' ' ind2=' ' tag='210'><subfield code='a'>BIOINFORMAT</subfield></datafield><datafield ind1=' ' ind2=' ' tag='210'><subfield code='a'>BIOINFORMATICS</subfield></datafield><datafield ind1=' ' ind2=' ' tag='210'><subfield code='a'>LECT NOTES COMPUT SC</subfield></datafield><datafield ind1=' ' ind2=' ' tag='210'><subfield code='a'>METHOD BIOCHEM ANAL</subfield></datafield><datafield ind1=' ' ind2=' ' tag='210'><subfield code='a'>BIOINFORMATICS OXFORD</subfield></datafield><datafield ind1='1' ind2=' ' tag='210'><subfield code='a'>Bioinformatics</subfield><subfield code='b'>(Oxf., Print)</subfield></datafield><datafield ind1='0' ind2=' ' tag='210'><subfield code='a'>Bioinformatics</subfield><subfield code='b'>(Oxf., Online)</subfield></datafield><datafield ind1=' ' ind2='0' tag='222'><subfield code='a'>Bioinformatics</subfield><subfield code='b'>(Oxford. Online)</subfield></datafield><datafield ind1='1' ind2='0' tag='245'><subfield code='a'>Bioinformatics.</subfield></datafield><datafield ind1=' ' ind2=' ' tag='246'><subfield code='a'>Bioinformatics [Bioinformatics] NLMUID</subfield></datafield><datafield ind1=' ' ind2='1' tag='264'><subfield code='a'>Oxford :</subfield><subfield code='b'>Oxford University Press,</subfield><subfield code='c'>1998-</subfield></datafield><datafield ind1=' ' ind2=' ' tag='310'><subfield code='a'>Monthly,</subfield><subfield code='b'>1999-</subfield></datafield><datafield ind1=' ' ind2=' ' tag='321'><subfield code='a'>Ten issues yearly,</subfield><subfield code='b'>1998</subfield></datafield><datafield ind1=' ' ind2=' ' tag='336'><subfield code='a'>text</subfield><subfield code='b'>txt</subfield><subfield code='2'>rdacontent</subfield></datafield><datafield ind1=' ' ind2=' ' tag='337'><subfield code='a'>computer</subfield><subfield code='b'>c</subfield><subfield code='2'>rdamedia</subfield></datafield><datafield ind1=' ' ind2=' ' tag='338'><subfield code='a'>online resource</subfield><subfield code='b'>cr</subfield><subfield code='2'>rdacarrier</subfield></datafield><datafield ind1='1' ind2=' ' tag='362'><subfield code='a'>Began with vol. 14, no. 1 (February 1, 1998).</subfield></datafield><datafield ind1=' ' ind2=' ' tag='500'><subfield code='a'>Refereed/Peer-reviewed</subfield></datafield><datafield ind1='0' ind2=' ' tag='510'><subfield code='a'>Chemical abstracts</subfield><subfield code='x'>0009-2258</subfield></datafield><datafield ind1=' ' ind2=' ' tag='520'><subfield code='a'>Abstracts and full-text, 1997- ; free access to abstracts, 1996-</subfield></datafield><datafield ind1=' ' ind2=' ' tag='538'><subfield code='a'>Mode of access: World Wide Web.</subfield></datafield><datafield ind1=' ' ind2=' ' tag='588'><subfield code='a'>Description based on journal information screen; title from journal information screen (viewed May 27, 1998).</subfield></datafield><datafield ind1=' ' ind2=' ' tag='588'><subfield code='a'>Latest issue consulted: Vol. 16, issue 2 (Feb. 2000).</subfield></datafield><datafield ind1=' ' ind2='0' tag='650'><subfield code='a'>Life sciences</subfield><subfield code='x'>Data processing</subfield><subfield code='v'>Periodicals.</subfield></datafield><datafield ind1=' ' ind2='0' tag='650'><subfield code='a'>Genomes</subfield><subfield code='x'>Data processing</subfield><subfield code='v'>Periodicals.</subfield></datafield><datafield ind1=' ' ind2='2' tag='650'><subfield code='a'>Computational Biology.</subfield></datafield><datafield ind1=' ' ind2='2' tag='650'><subfield code='a'>Genome.</subfield></datafield><datafield ind1=' ' ind2='0' tag='655'><subfield code='a'>Electronic journals.</subfield></datafield><datafield ind1=' ' ind2='2' tag='655'><subfield code='a'>Periodicals.</subfield></datafield><datafield ind1=' ' ind2=' ' tag='776'><subfield code='x'>1367-4803</subfield></datafield><datafield ind1='0' ind2='0' tag='780'><subfield code='t'>Computer applications in the biosciences :CABIOS</subfield><subfield code='w'>(CKB)954926969991</subfield><subfield code='w'>(DLC)2008247785</subfield><subfield code='w'>(OCoLC)245536382</subfield><subfield code='x'>1460-2059</subfield></datafield><datafield ind1=' ' ind2=' ' tag='906'><subfield code='a'>JOURNAL</subfield></datafield><datafield ind1=' ' ind2=' ' tag='ADM'><subfield code='b'>2018-03-29 10:57:34</subfield><subfield code='e'>99954925620164</subfield><subfield code='d'>NON_SFX</subfield><subfield code='f'>20170104063655.5</subfield><subfield code='a'>2012-02-25 22:23:54</subfield><subfield code='c'>false</subfield></datafield><datafield ind1=' ' ind2=' ' tag='PRT'><subfield code='a'>53365866780003811</subfield><subfield code='b'>https://sandbox01-na.alma.exlibrisgroup.com/view/uresolver/01TULI_INST/openurl?u.ignore_date_coverage=true&amp;rft.mms_id=991036719384303811</subfield><subfield code='e'>Oxford University Press</subfield><subfield code='g'> Available from 1998 volume: 14 issue: 1.</subfield><subfield code='9'>Available</subfield><subfield code='c'>Oxford University Press Journals Current</subfield><subfield code='h'>611000000000000718</subfield><subfield code='8'>53365866780003811</subfield></datafield></record>