
<record xmlns='http://www.loc.gov/MARC21/slim'><leader>01290cam a2200373 i 4500</leader><controlfield tag='005'>20170825172328.0</controlfield><controlfield tag='008'>131230s2014    onc      b    001 0 eng  </controlfield><controlfield tag='001'>991003652529703811</controlfield><datafield ind1=' ' ind2=' ' tag='020'><subfield code='a'>9781771880190 (bound)</subfield></datafield><datafield ind1=' ' ind2=' ' tag='020'><subfield code='a'>1771880198 (bound)</subfield></datafield><datafield ind1=' ' ind2=' ' tag='035'><subfield code='a'>(PPT)b56321478-01tuli_inst</subfield></datafield><datafield ind1=' ' ind2=' ' tag='035'><subfield code='a'>(OCoLC)ocn884485863</subfield><subfield code='9'>ExL</subfield></datafield><datafield ind1=' ' ind2=' ' tag='035'><subfield code='a'>(OCoLC)867558055</subfield><subfield code='z'>(OCoLC)866857116</subfield><subfield code='z'>(OCoLC)866933118</subfield></datafield><datafield ind1=' ' ind2=' ' tag='035'><subfield code='a'>ocn867558055</subfield></datafield><datafield ind1=' ' ind2=' ' tag='035'><subfield code='a'>(OCLC)ocn867558055</subfield></datafield><datafield ind1=' ' ind2=' ' tag='040'><subfield code='a'>NLC</subfield><subfield code='b'>eng</subfield><subfield code='e'>rda</subfield><subfield code='c'>NLC</subfield><subfield code='d'>BTCTA</subfield><subfield code='d'>YDXCP</subfield><subfield code='d'>CDX</subfield><subfield code='d'>PPT</subfield></datafield><datafield ind1=' ' ind2=' ' tag='079'><subfield code='a'>ocn867558055</subfield></datafield><datafield ind1=' ' ind2=' ' tag='090'><subfield code='a'>QH324.2</subfield><subfield code='b'>.B56 2014</subfield></datafield><datafield ind1='0' ind2=' ' tag='130'><subfield code='a'>Bioinformatics (2014)</subfield></datafield><datafield ind1='1' ind2='0' tag='245'><subfield code='a'>Bioinformatics :</subfield><subfield code='b'>the impact of accurate quantification on proteomic and genetic analysis and research /</subfield><subfield code='c'>edited by Yu Liu.</subfield></datafield><datafield ind1=' ' ind2='1' tag='264'><subfield code='a'>Toronto :</subfield><subfield code='b'>Apple Academic Press,</subfield><subfield code='c'>2014.</subfield></datafield><datafield ind1=' ' ind2=' ' tag='300'><subfield code='a'>xxv, 384 pages :</subfield><subfield code='b'>ill. ;</subfield><subfield code='c'>23 cm </subfield></datafield><datafield ind1=' ' ind2=' ' tag='336'><subfield code='a'>text</subfield><subfield code='b'>txt</subfield><subfield code='2'>rdacontent</subfield></datafield><datafield ind1=' ' ind2=' ' tag='337'><subfield code='a'>unmediated</subfield><subfield code='b'>n</subfield><subfield code='2'>rdamedia</subfield></datafield><datafield ind1=' ' ind2=' ' tag='338'><subfield code='a'>volume</subfield><subfield code='b'>nc</subfield><subfield code='2'>rdacarrier</subfield></datafield><datafield ind1=' ' ind2=' ' tag='504'><subfield code='a'>Includes bibliographical references and index.</subfield></datafield><datafield ind1=' ' ind2='0' tag='650'><subfield code='a'>Bioinformatics.</subfield></datafield><datafield ind1='1' ind2=' ' tag='700'><subfield code='a'>Liu, Yu,</subfield><subfield code='d'>1963-,</subfield><subfield code='e'>editor of compilation.</subfield></datafield><datafield ind1=' ' ind2=' ' tag='902'><subfield code='a'>150920</subfield></datafield><datafield ind1=' ' ind2=' ' tag='907'><subfield code='a'>.b56321478</subfield><subfield code='b'>p    </subfield><subfield code='c'>-</subfield></datafield><datafield ind1=' ' ind2=' ' tag='945'><subfield code='l'>pstk </subfield><subfield code='g'>1</subfield></datafield><datafield ind1=' ' ind2=' ' tag='979'><subfield code='a'>ocn867558055</subfield></datafield><datafield ind1=' ' ind2=' ' tag='998'><subfield code='b'>1</subfield><subfield code='c'>140711</subfield><subfield code='d'>m</subfield><subfield code='e'>a</subfield><subfield code='f'>-</subfield><subfield code='g'>0</subfield></datafield><datafield ind1=' ' ind2=' ' tag='998'><subfield code='a'>07/11/14</subfield><subfield code='s'>CIP</subfield><subfield code='c'>AT</subfield></datafield><datafield ind1=' ' ind2=' ' tag='ADM'><subfield code='b'>2017-08-25 21:23:28</subfield><subfield code='e'>b56321478-01tuli_inst</subfield><subfield code='d'>ILS</subfield><subfield code='a'>2017-06-20 11:09:29</subfield><subfield code='c'>false</subfield></datafield><datafield ind1='0' ind2=' ' tag='HLD'><subfield code='b'>MAIN</subfield><subfield code='c'>stacks</subfield><subfield code='h'>QH324.2</subfield><subfield code='i'>.B56 2014</subfield><subfield code='8'>22309509990003811</subfield></datafield><datafield ind1=' ' ind2=' ' tag='ITM'><subfield code='r'>22309509990003811</subfield><subfield code='b'>1</subfield><subfield code='h'>0</subfield><subfield code='g'>stacks</subfield><subfield code='t'>BOOK</subfield><subfield code='9'>39074028665842</subfield><subfield code='e'>stacks</subfield><subfield code='8'>23309509920003811</subfield><subfield code='a'>0</subfield><subfield code='q'>2017-06-20 11:09:29</subfield><subfield code='i'>QH324.2 .B56 2014</subfield><subfield code='d'>MAIN</subfield><subfield code='f'>MAIN</subfield></datafield></record>