
<record xmlns='http://www.loc.gov/MARC21/slim'><leader>04306cam a2200505 i 4500</leader><controlfield tag='005'>20180529085413.0</controlfield><controlfield tag='008'>160908s2017    nyua     b    001 0 eng  </controlfield><controlfield tag='001'>991036892499203811</controlfield><datafield ind1=' ' ind2=' ' tag='010'><subfield code='a'>  2016959985</subfield></datafield><datafield ind1='7' ind2=' ' tag='016'><subfield code='a'>101701239</subfield><subfield code='2'>DNLM</subfield></datafield><datafield ind1=' ' ind2=' ' tag='020'><subfield code='a'>9781493967384</subfield><subfield code='q'>(alk. paper)</subfield></datafield><datafield ind1=' ' ind2=' ' tag='020'><subfield code='a'>149396738X</subfield><subfield code='q'>(alk. paper)</subfield></datafield><datafield ind1=' ' ind2=' ' tag='020'><subfield code='z'>9781493967407 (eBook)</subfield></datafield><datafield ind1=' ' ind2=' ' tag='020'><subfield code='a'>1493967401</subfield></datafield><datafield ind1=' ' ind2=' ' tag='020'><subfield code='a'>9781493967407</subfield></datafield><datafield ind1=' ' ind2=' ' tag='035'><subfield code='a'>(OCoLC)957954536</subfield></datafield><datafield ind1=' ' ind2=' ' tag='040'><subfield code='a'>NLM</subfield><subfield code='b'>eng</subfield><subfield code='e'>rda</subfield><subfield code='c'>NLM</subfield><subfield code='d'>BTCTA</subfield><subfield code='d'>HNK</subfield><subfield code='d'>GZM</subfield><subfield code='d'>YDX</subfield><subfield code='d'>OCLCO</subfield><subfield code='d'>STF</subfield><subfield code='d'>IAL</subfield><subfield code='d'>NLM</subfield><subfield code='d'>OCLCO</subfield><subfield code='d'>OCLCA</subfield></datafield><datafield ind1=' ' ind2=' ' tag='042'><subfield code='a'>nlmcopyc</subfield></datafield><datafield ind1=' ' ind2='4' tag='050'><subfield code='a'>QP551</subfield><subfield code='b'>.P7555 2017</subfield></datafield><datafield ind1='0' ind2='0' tag='060'><subfield code='a'>W1</subfield><subfield code='b'>ME9616J v.1549 2017</subfield></datafield><datafield ind1='1' ind2='0' tag='060'><subfield code='a'>QU 26.5</subfield></datafield><datafield ind1='0' ind2='4' tag='082'><subfield code='a'>572/.60285</subfield><subfield code='2'>23</subfield></datafield><datafield ind1='0' ind2=' ' tag='130'><subfield code='a'>Proteome bioinformatics (Keerthikumar)</subfield></datafield><datafield ind1='1' ind2='0' tag='245'><subfield code='a'>Proteome bioinformatics /</subfield><subfield code='c'>edited by Shivakumar Keerthikumar and Suresh Mathivanan.</subfield></datafield><datafield ind1=' ' ind2='1' tag='264'><subfield code='a'>New York :</subfield><subfield code='b'>Humana Press,</subfield><subfield code='c'>[2017]</subfield></datafield><datafield ind1=' ' ind2='4' tag='264'><subfield code='c'>©2017</subfield></datafield><datafield ind1=' ' ind2=' ' tag='300'><subfield code='a'>xi, 233 pages :</subfield><subfield code='b'>illustrations ;</subfield><subfield code='c'>26 cm.</subfield></datafield><datafield ind1=' ' ind2=' ' tag='336'><subfield code='a'>text</subfield><subfield code='b'>txt</subfield><subfield code='2'>rdacontent</subfield></datafield><datafield ind1=' ' ind2=' ' tag='337'><subfield code='a'>unmediated</subfield><subfield code='b'>n</subfield><subfield code='2'>rdamedia</subfield></datafield><datafield ind1=' ' ind2=' ' tag='338'><subfield code='a'>volume</subfield><subfield code='b'>nc</subfield><subfield code='2'>rdacarrier</subfield></datafield><datafield ind1='1' ind2=' ' tag='490'><subfield code='a'>Methods in molecular biology,</subfield><subfield code='x'>1064-3745 ;</subfield><subfield code='v'>1549</subfield></datafield><datafield ind1='1' ind2=' ' tag='490'><subfield code='a'>Springer protocols</subfield></datafield><datafield ind1=' ' ind2=' ' tag='504'><subfield code='a'>Includes bibliographical references and index.</subfield></datafield><datafield ind1='0' ind2='0' tag='505'><subfield code='t'>Introduction to proteome bioinformatics /</subfield><subfield code='r'>Shivakumar Keerthikumar --</subfield><subfield code='t'>Proteomic data storage and sharing /</subfield><subfield code='r'>Shivakumar Keerthikumar and Suresh Mathivanan --</subfield><subfield code='t'>Choosing an optimal database for protein identification from tandem mass spectrometry data /</subfield><subfield code='r'>Dhirendra Kumar, Amit Kumar Yadav, and Debasis Dash --</subfield><subfield code='t'>Label-based and label-free strategies for protein quantitation  /</subfield><subfield code='r'>Sushma Anand, Monisha Samuel, Ching-Seng Ang,  Shivakumar Keerthikumar, and Suresh Mathivanan --</subfield><subfield code='t'>TMT one-stop shop : from reliable sample preparation to computational analysis platform /</subfield><subfield code='r'>Mehdi Mirzaei, Dana Pascovici, Jemma X. Wu, Joel Chick, Yunqi Wu, Brett Cooke, Paul Haynes, and Mark P. Molloy --</subfield><subfield code='t'>Unassigned MS/MS spectra : who am I? /</subfield><subfield code='r'>Mohashin Pathan, Monisha Samuel, Shivakumar Keerthikumar, and Suresh Mathivanan --</subfield><subfield code='t'>Methods to calculate spectrum similarity /</subfield><subfield code='r'>Şule Yilmaz, Elien Vandermarliere, and Lennart Martens --</subfield><subfield code='t'>Proteotypic peptides and their applications /</subfield><subfield code='r'>Shivakumar Keerthikumar and Suresh Mathivanan --</subfield><subfield code='t'>Statistical evaluation of labeled comparative profiling proteomics experiments using permutation test /</subfield><subfield code='r'>Hien D. Nguyen, Geoffrey J. McLachlan, and Michelle M. Hill --</subfield><subfield code='t'>De novo peptide sequencing : deep mining of high-resolution mass spectrometry data /</subfield><subfield code='r'>Mohammad Tawhidul Islam, Abidali Mohamedali, Criselda Santan Fernandes, Mark S. Baker, and Shoba Ranganathan --</subfield><subfield code='t'>Phylogenetic analysis using protein mass spectrometry /</subfield><subfield code='r'>Shiyong Ma, Kevin M. Downard, and Jason W. H. Wong --</subfield><subfield code='t'>Bioinformatics methods to deduce biological interpretation from proteomics data /</subfield><subfield code='r'>Krishna Patel, Manika Singh, and Harsha Gowda --</subfield><subfield code='t'>Systematic bioinformatics approach to identify high quality mass spectrometry data and functionally annotate proteins and proteomes /</subfield><subfield code='r'>Mohammad Tawhidul Islam, Abidali Mohamedali, Seong Beom Ahn, Ishmam Nawar, Mark S. Baker, and Shoba Ranganathan --</subfield><subfield code='t'>Network tools for the analysis of proteomic data /</subfield><subfield code='r'>David Chisanga, Shivakumar Keerthikumar, Suresh Mathivanan, and Naveen Chilamkurti  --</subfield><subfield code='t'>Determining the significance of protein network features and attributes using permutation testing /</subfield><subfield code='r'>Joseph Cursons and Melissa J. Davis --</subfield><subfield code='t'>Bioinformatics tools and resources for analyzing protein structures /</subfield><subfield code='r'>Jason J. Paxman and Begoña Heras --</subfield><subfield code='t'>In silico approach to identify potential inhibitors for Axl-Gas6 signaling /</subfield><subfield code='r'>Swathik Clarancia Peter, Jayakanthan Mannu,  and Premendu P. Mathur.</subfield></datafield><datafield ind1=' ' ind2='0' tag='650'><subfield code='a'>Proteomics</subfield><subfield code='x'>Data processing.</subfield></datafield><datafield ind1=' ' ind2='0' tag='650'><subfield code='a'>Bioinformatics.</subfield></datafield><datafield ind1='1' ind2='2' tag='650'><subfield code='a'>Proteomics.</subfield><subfield code='0'>https://id.nlm.nih.gov/mesh/D040901</subfield></datafield><datafield ind1='1' ind2='2' tag='650'><subfield code='a'>Computational Biology.</subfield><subfield code='0'>https://id.nlm.nih.gov/mesh/D019295</subfield></datafield><datafield ind1='1' ind2=' ' tag='700'><subfield code='a'>Keerthikumar, Shivakumar,</subfield><subfield code='e'>editor.</subfield></datafield><datafield ind1='1' ind2=' ' tag='700'><subfield code='a'>Mathivanan, Suresh,</subfield><subfield code='e'>editor.</subfield></datafield><datafield ind1=' ' ind2='0' tag='830'><subfield code='a'>Methods in molecular biology (Clifton, N.J.) ;</subfield><subfield code='v'>v. 1549.</subfield><subfield code='x'>1064-3745</subfield></datafield><datafield ind1=' ' ind2='0' tag='830'><subfield code='a'>Springer protocols (Series).</subfield><subfield code='x'>1949-2448</subfield></datafield><datafield ind1='4' ind2=' ' tag='856'><subfield code='u'>https://link.springer.com/book/10.1007/978-1-4939-6740-7</subfield><subfield code='z'>Access electronic version</subfield></datafield><datafield ind1=' ' ind2=' ' tag='979'><subfield code='a'>(OCoLC)957954536</subfield></datafield><datafield ind1=' ' ind2=' ' tag='997'><subfield code='a'>20180518</subfield><subfield code='d'>TEU</subfield><subfield code='c'>COUTTS SR</subfield><subfield code='e'>MARCIVE</subfield><subfield code='e'>WCAT</subfield></datafield><datafield ind1='0' ind2=' ' tag='HLD'><subfield code='b'>MAIN</subfield><subfield code='c'>stacks</subfield><subfield code='h'>QP551</subfield><subfield code='i'>.P7555 2017</subfield><subfield code='8'>22416151860003811</subfield></datafield><datafield ind1=' ' ind2=' ' tag='ITM'><subfield code='b'>1</subfield><subfield code='h'>0</subfield><subfield code='g'>stacks</subfield><subfield code='9'>39074026627539</subfield><subfield code='e'>stacks</subfield><subfield code='l'>0</subfield><subfield code='8'>23416151850003811</subfield><subfield code='j'>0</subfield><subfield code='a'>0</subfield><subfield code='q'>2018-04-13 19:19:18</subfield><subfield code='i'>QP551 .P7555 2017</subfield><subfield code='d'>MAIN</subfield><subfield code='r'>2018-05-20 16:08:16</subfield><subfield code='f'>MAIN</subfield></datafield></record>