
<record xmlns='http://www.loc.gov/MARC21/slim'><leader>02430nas a2200685 a 4500</leader><controlfield tag='005'>20180315121329.0</controlfield><controlfield tag='008'>991118c19989999enkmx p       0  | 0eng d</controlfield><controlfield tag='001'>991011139979703811</controlfield><datafield ind1=' ' ind2=' ' tag='010'><subfield code='a'>98641767 </subfield><subfield code='z'>sn 98047731</subfield></datafield><datafield ind1=' ' ind2=' ' tag='022'><subfield code='a'>1367-4803</subfield></datafield><datafield ind1=' ' ind2=' ' tag='030'><subfield code='a'>BOINFP</subfield></datafield><datafield ind1=' ' ind2=' ' tag='032'><subfield code='a'>749610</subfield><subfield code='b'>USPS</subfield></datafield><datafield ind1=' ' ind2=' ' tag='035'><subfield code='a'>(PPT)b20943970-01tuli_inst</subfield></datafield><datafield ind1=' ' ind2=' ' tag='035'><subfield code='a'>(CStRLIN)ocn475727136</subfield><subfield code='9'>ExL</subfield></datafield><datafield ind1=' ' ind2=' ' tag='035'><subfield code='a'>PATG99-S215</subfield></datafield><datafield ind1=' ' ind2=' ' tag='035'><subfield code='a'>ocm38899833</subfield></datafield><datafield ind1=' ' ind2=' ' tag='035'><subfield code='a'>(OCLC)ocm38899833</subfield></datafield><datafield ind1=' ' ind2=' ' tag='037'><subfield code='b'>Oxford University Press, 2001 Evans Rd., Cary, NC 27513</subfield></datafield><datafield ind1=' ' ind2=' ' tag='040'><subfield code='a'>WU</subfield><subfield code='c'>WU</subfield><subfield code='d'>WaU</subfield><subfield code='d'>OUCA</subfield><subfield code='d'>MiU</subfield><subfield code='d'>NBuU-H</subfield><subfield code='d'>DNLM</subfield><subfield code='d'>DNAL</subfield><subfield code='d'>DLC</subfield><subfield code='d'>NSDP</subfield><subfield code='d'>CStRLIN</subfield><subfield code='d'>PPT</subfield></datafield><datafield ind1=' ' ind2=' ' tag='042'><subfield code='a'>lc</subfield></datafield><datafield ind1='0' ind2=' ' tag='070'><subfield code='a'>QH313.C65</subfield></datafield><datafield ind1=' ' ind2=' ' tag='072'><subfield code='a'>X200</subfield></datafield><datafield ind1=' ' ind2=' ' tag='072'><subfield code='a'>X300</subfield></datafield><datafield ind1=' ' ind2=' ' tag='079'><subfield code='a'>ocm38899833</subfield></datafield><datafield ind1=' ' ind2=' ' tag='090'><subfield code='a'>QH324.2</subfield><subfield code='b'>.C66x</subfield></datafield><datafield ind1='0' ind2=' ' tag='130'><subfield code='a'>Bioinformatics (Oxford, England)</subfield></datafield><datafield ind1='0' ind2='0' tag='245'><subfield code='a'>Bioinformatics.</subfield></datafield><datafield ind1=' ' ind2=' ' tag='260'><subfield code='a'>Oxford :</subfield><subfield code='b'>Oxford University Press,</subfield><subfield code='c'>c1998-</subfield></datafield><datafield ind1=' ' ind2=' ' tag='300'><subfield code='a'>v. :</subfield><subfield code='b'>ill. ;</subfield><subfield code='c'>28 cm.</subfield></datafield><datafield ind1=' ' ind2=' ' tag='310'><subfield code='a'>Ten issues yearly</subfield></datafield><datafield ind1='0' ind2=' ' tag='362'><subfield code='a'>Vol. 14, no. 1-</subfield></datafield><datafield ind1=' ' ind2=' ' tag='500'><subfield code='a'>Title from cover.</subfield></datafield><datafield ind1='1' ind2=' ' tag='510'><subfield code='a'>Bibliography of agriculture</subfield><subfield code='x'>0006-1530</subfield></datafield><datafield ind1='1' ind2=' ' tag='510'><subfield code='a'>Index medicus</subfield><subfield code='x'>0019-3879</subfield><subfield code='b'>1998-</subfield></datafield><datafield ind1='0' ind2=' ' tag='510'><subfield code='a'>Chemical Abstracts</subfield><subfield code='x'>0009-2258</subfield></datafield><datafield ind1=' ' ind2=' ' tag='530'><subfield code='a'>Also available online.</subfield></datafield><datafield ind1=' ' ind2='0' tag='650'><subfield code='a'>Life sciences</subfield><subfield code='x'>Data processing</subfield><subfield code='x'>Periodicals.</subfield></datafield><datafield ind1=' ' ind2='0' tag='650'><subfield code='a'>Genomes</subfield><subfield code='x'>Data processing</subfield><subfield code='x'>Periodicals.</subfield></datafield><datafield ind1=' ' ind2='2' tag='650'><subfield code='a'>Computational Biology</subfield><subfield code='v'>periodicals.</subfield></datafield><datafield ind1=' ' ind2='2' tag='650'><subfield code='a'>Genome</subfield><subfield code='v'>periodicals.</subfield></datafield><datafield ind1='0' ind2='0' tag='780'><subfield code='t'>Computer applications in the biosciences</subfield><subfield code='x'>0266-7061</subfield><subfield code='w'>(DLC)   98640740</subfield><subfield code='w'>(OCoLC)11875762</subfield></datafield><datafield ind1=' ' ind2='1' tag='901'><subfield code='l'>ostk</subfield><subfield code='a'>QH324.2</subfield><subfield code='b'>.C66x</subfield><subfield code='s'>o</subfield><subfield code='t'>29</subfield><subfield code='z'>090</subfield></datafield><datafield ind1=' ' ind2=' ' tag='907'><subfield code='a'>.b20943970</subfield><subfield code='b'>p    </subfield><subfield code='c'>-</subfield></datafield><datafield ind1=' ' ind2=' ' tag='945'><subfield code='l'>pstk </subfield><subfield code='u'>v.v.14 (Feb.-Jun. 1998)</subfield><subfield code='g'>1</subfield></datafield><datafield ind1=' ' ind2=' ' tag='945'><subfield code='l'>pstk </subfield><subfield code='u'>v.v.14, no.6-10 (1998)</subfield><subfield code='g'>1</subfield></datafield><datafield ind1=' ' ind2=' ' tag='945'><subfield code='l'>pstk </subfield><subfield code='u'>v.v.15 (Jan.-Jun. 1999)</subfield><subfield code='g'>1</subfield></datafield><datafield ind1=' ' ind2=' ' tag='945'><subfield code='l'>pstk </subfield><subfield code='u'>v.v.15 (Jul.-Dec. 1999)</subfield><subfield code='g'>1</subfield></datafield><datafield ind1=' ' ind2=' ' tag='945'><subfield code='l'>pstk </subfield><subfield code='u'>v.v.16 (Jan.-Jun. 2000)</subfield><subfield code='g'>1</subfield></datafield><datafield ind1=' ' ind2=' ' tag='945'><subfield code='l'>pstk </subfield><subfield code='u'>v.v.16 (Jul.-Dec. 2000)</subfield><subfield code='g'>1</subfield></datafield><datafield ind1=' ' ind2=' ' tag='945'><subfield code='l'>pstk </subfield><subfield code='u'>v.v.17 (Jan.-Jun. 2001)</subfield><subfield code='g'>1</subfield></datafield><datafield ind1=' ' ind2=' ' tag='945'><subfield code='l'>pstk </subfield><subfield code='u'>v.v.17 (Jul.-Dec. 2001)</subfield><subfield code='g'>1</subfield></datafield><datafield ind1=' ' ind2=' ' tag='945'><subfield code='l'>pstk </subfield><subfield code='u'>v.v.18 (Jan.-Jun. 2002)</subfield><subfield code='g'>1</subfield></datafield><datafield ind1=' ' ind2=' ' tag='945'><subfield code='l'>pstk </subfield><subfield code='u'>v.v.18 (Jul.-Dec. 2002)</subfield><subfield code='g'>1</subfield></datafield><datafield ind1=' ' ind2=' ' tag='945'><subfield code='l'>pstk </subfield><subfield code='u'>v.v.19 (Jan.-Jun. 2003)</subfield><subfield code='g'>1</subfield></datafield><datafield ind1=' ' ind2=' ' tag='945'><subfield code='l'>pstk </subfield><subfield code='u'>v.v.19 (Jul.-Dec. 2003)</subfield><subfield code='g'>1</subfield></datafield><datafield ind1=' ' ind2=' ' tag='950'><subfield code='l'>BIOL</subfield><subfield code='v'>v.4-   ;</subfield><subfield code='y'>1998-</subfield><subfield code='f'>PER.</subfield><subfield code='i'>11/18/99 N</subfield></datafield><datafield ind1=' ' ind2=' ' tag='955'><subfield code='l'>BIOL</subfield><subfield code='c'>0</subfield><subfield code='i'>11/18/99 C</subfield></datafield><datafield ind1=' ' ind2=' ' tag='979'><subfield code='a'>ocm38899833</subfield></datafield><datafield ind1=' ' ind2=' ' tag='998'><subfield code='b'>17</subfield><subfield code='c'>991119</subfield><subfield code='d'>s</subfield><subfield code='e'>a</subfield><subfield code='f'>-</subfield><subfield code='g'>0</subfield></datafield><datafield ind1=' ' ind2=' ' tag='998'><subfield code='a'>11/18/99</subfield><subfield code='t'>c</subfield><subfield code='s'>9110</subfield><subfield code='l'>PATG</subfield><subfield code='n'>PPT</subfield><subfield code='w'>DCLC98641767S</subfield><subfield code='d'>11/18/99</subfield><subfield code='c'>CW </subfield><subfield code='b'>AT</subfield></datafield><datafield ind1=' ' ind2=' ' tag='ADM'><subfield code='b'>2018-03-15 16:13:29</subfield><subfield code='e'>b20943970-01tuli_inst</subfield><subfield code='d'>ILS</subfield><subfield code='a'>2017-06-20 06:38:34</subfield><subfield code='c'>false</subfield></datafield><datafield ind1='0' ind2=' ' tag='HLD'><subfield code='b'>MAIN</subfield><subfield code='c'>stacks</subfield><subfield code='h'>QH324.2</subfield><subfield code='i'>.C66x</subfield><subfield code='x'>NOTE(CHECKIN): Biology.  Cancelled in paper with v.19, 2003  online only with 2004. | FREQUENCY: m | SCODE3: - | VEN TITLE#: rb474100005122150030</subfield><subfield code='8'>22251755870003811</subfield></datafield><datafield ind1=' ' ind2=' ' tag='ITM'><subfield code='r'>22251755870003811</subfield><subfield code='b'>1</subfield><subfield code='h'>0</subfield><subfield code='g'>stacks</subfield><subfield code='t'>ISSUE</subfield><subfield code='9'>39074018876540</subfield><subfield code='e'>stacks</subfield><subfield code='8'>23251755820003811</subfield><subfield code='c'>v.16 (Jan.-Jun. 2000)</subfield><subfield code='a'>2</subfield><subfield code='q'>2017-06-20 06:38:34</subfield><subfield code='i'>QH324.2 .C66x</subfield><subfield code='d'>MAIN</subfield><subfield code='f'>MAIN</subfield></datafield><datafield ind1=' ' ind2=' ' tag='ITM'><subfield code='r'>22251755870003811</subfield><subfield code='b'>1</subfield><subfield code='h'>0</subfield><subfield code='g'>stacks</subfield><subfield code='t'>ISSUE</subfield><subfield code='9'>39074018876557</subfield><subfield code='e'>stacks</subfield><subfield code='8'>23251755810003811</subfield><subfield code='c'>v.16 (Jul.-Dec. 2000)</subfield><subfield code='a'>2</subfield><subfield code='q'>2017-06-20 06:38:34</subfield><subfield code='i'>QH324.2 .C66x</subfield><subfield code='d'>MAIN</subfield><subfield code='f'>MAIN</subfield></datafield><datafield ind1=' ' ind2=' ' tag='ITM'><subfield code='r'>22251755870003811</subfield><subfield code='b'>1</subfield><subfield code='h'>0</subfield><subfield code='g'>stacks</subfield><subfield code='t'>ISSUE</subfield><subfield code='9'>39074018876565</subfield><subfield code='e'>stacks</subfield><subfield code='8'>23251755830003811</subfield><subfield code='c'>v.15 (Jul.-Dec. 1999)</subfield><subfield code='a'>2</subfield><subfield code='q'>2017-06-20 06:38:34</subfield><subfield code='i'>QH324.2 .C66x</subfield><subfield code='d'>MAIN</subfield><subfield code='f'>MAIN</subfield></datafield><datafield ind1=' ' ind2=' ' tag='ITM'><subfield code='r'>22251755870003811</subfield><subfield code='b'>1</subfield><subfield code='h'>0</subfield><subfield code='g'>stacks</subfield><subfield code='t'>ISSUE</subfield><subfield code='9'>39074018876508</subfield><subfield code='e'>stacks</subfield><subfield code='8'>23251755770003811</subfield><subfield code='c'>v.18 (Jul.-Dec. 2002)</subfield><subfield code='a'>2</subfield><subfield code='q'>2017-06-20 06:38:34</subfield><subfield code='i'>QH324.2 .C66x</subfield><subfield code='d'>MAIN</subfield><subfield code='f'>MAIN</subfield></datafield><datafield ind1=' ' ind2=' ' tag='ITM'><subfield code='r'>22251755870003811</subfield><subfield code='b'>1</subfield><subfield code='h'>0</subfield><subfield code='g'>stacks</subfield><subfield code='t'>ISSUE</subfield><subfield code='9'>39074018876581</subfield><subfield code='e'>stacks</subfield><subfield code='8'>23251755850003811</subfield><subfield code='c'>v.14 (Feb.-Jun. 1998)</subfield><subfield code='a'>2</subfield><subfield code='q'>2017-06-20 06:38:34</subfield><subfield code='i'>QH324.2 .C66x</subfield><subfield code='d'>MAIN</subfield><subfield code='f'>MAIN</subfield></datafield><datafield ind1=' ' ind2=' ' tag='ITM'><subfield code='r'>22251755870003811</subfield><subfield code='b'>1</subfield><subfield code='h'>0</subfield><subfield code='g'>stacks</subfield><subfield code='t'>ISSUE</subfield><subfield code='9'>39074018876599</subfield><subfield code='e'>stacks</subfield><subfield code='8'>23251755860003811</subfield><subfield code='c'>v.14, no.6-10 (1998)</subfield><subfield code='a'>2</subfield><subfield code='q'>2017-06-20 06:38:34</subfield><subfield code='i'>QH324.2 .C66x</subfield><subfield code='d'>MAIN</subfield><subfield code='f'>MAIN</subfield></datafield><datafield ind1=' ' ind2=' ' tag='ITM'><subfield code='r'>22251755870003811</subfield><subfield code='b'>1</subfield><subfield code='h'>0</subfield><subfield code='g'>stacks</subfield><subfield code='t'>ISSUE</subfield><subfield code='9'>39074018876524</subfield><subfield code='e'>stacks</subfield><subfield code='8'>23251755790003811</subfield><subfield code='c'>v.17 (Jul.-Dec. 2001)</subfield><subfield code='a'>2</subfield><subfield code='q'>2017-06-20 06:38:34</subfield><subfield code='i'>QH324.2 .C66x</subfield><subfield code='d'>MAIN</subfield><subfield code='f'>MAIN</subfield></datafield><datafield ind1=' ' ind2=' ' tag='ITM'><subfield code='r'>22251755870003811</subfield><subfield code='b'>1</subfield><subfield code='h'>0</subfield><subfield code='g'>stacks</subfield><subfield code='t'>ISSUE</subfield><subfield code='9'>39074018876532</subfield><subfield code='e'>stacks</subfield><subfield code='8'>23251755800003811</subfield><subfield code='c'>v.17 (Jan.-Jun. 2001)</subfield><subfield code='a'>2</subfield><subfield code='q'>2017-06-20 06:38:34</subfield><subfield code='i'>QH324.2 .C66x</subfield><subfield code='d'>MAIN</subfield><subfield code='f'>MAIN</subfield></datafield><datafield ind1=' ' ind2=' ' tag='ITM'><subfield code='r'>22251755870003811</subfield><subfield code='b'>1</subfield><subfield code='h'>0</subfield><subfield code='g'>stacks</subfield><subfield code='t'>ISSUE</subfield><subfield code='9'>39074018876573</subfield><subfield code='e'>stacks</subfield><subfield code='8'>23251755840003811</subfield><subfield code='c'>v.15 (Jan.-Jun. 1999)</subfield><subfield code='a'>2</subfield><subfield code='q'>2017-06-20 06:38:34</subfield><subfield code='i'>QH324.2 .C66x</subfield><subfield code='d'>MAIN</subfield><subfield code='f'>MAIN</subfield></datafield><datafield ind1=' ' ind2=' ' tag='ITM'><subfield code='r'>22251755870003811</subfield><subfield code='b'>1</subfield><subfield code='h'>0</subfield><subfield code='g'>stacks</subfield><subfield code='t'>ISSUE</subfield><subfield code='9'>39074018876482</subfield><subfield code='e'>stacks</subfield><subfield code='8'>23251755750003811</subfield><subfield code='c'>v.19 (Jul.-Dec. 2003)</subfield><subfield code='a'>2</subfield><subfield code='q'>2017-06-20 06:38:34</subfield><subfield code='i'>QH324.2 .C66x</subfield><subfield code='d'>MAIN</subfield><subfield code='f'>MAIN</subfield></datafield><datafield ind1=' ' ind2=' ' tag='ITM'><subfield code='r'>22251755870003811</subfield><subfield code='b'>1</subfield><subfield code='h'>0</subfield><subfield code='g'>stacks</subfield><subfield code='t'>ISSUE</subfield><subfield code='9'>39074018876490</subfield><subfield code='e'>stacks</subfield><subfield code='8'>23251755760003811</subfield><subfield code='c'>v.19 (Jan.-Jun. 2003)</subfield><subfield code='a'>2</subfield><subfield code='q'>2017-06-20 06:38:34</subfield><subfield code='i'>QH324.2 .C66x</subfield><subfield code='d'>MAIN</subfield><subfield code='f'>MAIN</subfield></datafield><datafield ind1=' ' ind2=' ' tag='ITM'><subfield code='r'>22251755870003811</subfield><subfield code='b'>1</subfield><subfield code='h'>0</subfield><subfield code='g'>stacks</subfield><subfield code='t'>ISSUE</subfield><subfield code='9'>39074018876516</subfield><subfield code='e'>stacks</subfield><subfield code='8'>23251755780003811</subfield><subfield code='c'>v.18 (Jan.-Jun. 2002)</subfield><subfield code='a'>2</subfield><subfield code='q'>2017-06-20 06:38:34</subfield><subfield code='i'>QH324.2 .C66x</subfield><subfield code='d'>MAIN</subfield><subfield code='f'>MAIN</subfield></datafield></record>