
<record xmlns='http://www.loc.gov/MARC21/slim'><leader>01947camZa2200637zZZ4500</leader><controlfield tag='001'>991036793158903811</controlfield><controlfield tag='005'>20170814180049.0</controlfield><controlfield tag='008'>160829s2003    xx      o           eng d</controlfield><datafield ind1=' ' ind2=' ' tag='020'><subfield code='a'>1-280-55693-5</subfield></datafield><datafield ind1=' ' ind2=' ' tag='020'><subfield code='a'>9786610556939</subfield></datafield><datafield ind1=' ' ind2=' ' tag='020'><subfield code='a'>0-471-32634-8</subfield></datafield><datafield ind1=' ' ind2=' ' tag='020'><subfield code='a'>0-471-72120-4</subfield></datafield><datafield ind1=' ' ind2=' ' tag='035'><subfield code='a'>(CKB)1000000000018933</subfield></datafield><datafield ind1=' ' ind2=' ' tag='035'><subfield code='a'>(SSID)ssj0000310545</subfield></datafield><datafield ind1=' ' ind2=' ' tag='035'><subfield code='a'>(PQKBManifestationID)12095062</subfield></datafield><datafield ind1=' ' ind2=' ' tag='035'><subfield code='a'>(PQKBTitleCode)TC0000310545</subfield></datafield><datafield ind1=' ' ind2=' ' tag='035'><subfield code='a'>(PQKBWorkID)10288991</subfield></datafield><datafield ind1=' ' ind2=' ' tag='035'><subfield code='a'>(PQKB)10407243</subfield></datafield><datafield ind1=' ' ind2=' ' tag='035'><subfield code='a'>(SSID)ssj0000614584</subfield></datafield><datafield ind1=' ' ind2=' ' tag='035'><subfield code='a'>(PQKBManifestationID)11385643</subfield></datafield><datafield ind1=' ' ind2=' ' tag='035'><subfield code='a'>(PQKBTitleCode)TC0000614584</subfield></datafield><datafield ind1=' ' ind2=' ' tag='035'><subfield code='a'>(PQKBWorkID)10605663</subfield></datafield><datafield ind1=' ' ind2=' ' tag='035'><subfield code='a'>(PQKB)11271357</subfield></datafield><datafield ind1=' ' ind2=' ' tag='035'><subfield code='a'>(EXLCZ)991000000000018933</subfield></datafield><datafield ind1=' ' ind2=' ' tag='040'><subfield code='a'>PQKB</subfield></datafield><datafield ind1=' ' ind2=' ' tag='041'><subfield code='a'>eng</subfield></datafield><datafield ind1=' ' ind2='0' tag='050'><subfield code='a'>QH324.2.S76 2003</subfield></datafield><datafield ind1=' ' ind2=' ' tag='082'><subfield code='a'>572.8/733</subfield></datafield><datafield ind1='0' ind2='0' tag='245'><subfield code='a'>Structural bioinformatics</subfield></datafield><datafield ind1=' ' ind2=' ' tag='246'><subfield code='a'>Structural Bioinformatics</subfield></datafield><datafield ind1='3' ind2='1' tag='264'><subfield code='a'>[Place of publication not identified]</subfield><subfield code='b'>Wiley Blackwell</subfield><subfield code='c'>2009</subfield></datafield><datafield ind1=' ' ind2=' ' tag='336'><subfield code='a'>text</subfield><subfield code='b'>txt</subfield></datafield><datafield ind1=' ' ind2=' ' tag='337'><subfield code='a'>computer</subfield><subfield code='b'>c</subfield></datafield><datafield ind1=' ' ind2=' ' tag='338'><subfield code='a'>online resource</subfield><subfield code='b'>cr</subfield></datafield><datafield ind1='0' ind2=' ' tag='490'><subfield code='a'>Methods of biochemical analysis  Structural bioinformatics </subfield></datafield><datafield ind1=' ' ind2=' ' tag='500'><subfield code='a'>Bibliographic Level Mode of Issuance: Monograph</subfield></datafield><datafield ind1=' ' ind2=' ' tag='546'><subfield code='a'>English</subfield></datafield><datafield ind1=' ' ind2='0' tag='650'><subfield code='a'>Structural bioinformatics</subfield></datafield><datafield ind1=' ' ind2='2' tag='650'><subfield code='a'>Molecular Biology</subfield></datafield><datafield ind1=' ' ind2='2' tag='650'><subfield code='a'>Computational Biology</subfield></datafield><datafield ind1=' ' ind2='2' tag='650'><subfield code='a'>Biochemistry</subfield></datafield><datafield ind1=' ' ind2='2' tag='650'><subfield code='a'>Biology</subfield></datafield><datafield ind1=' ' ind2='2' tag='650'><subfield code='a'>Genetics</subfield></datafield><datafield ind1=' ' ind2='2' tag='650'><subfield code='a'>Biological Science Disciplines</subfield></datafield><datafield ind1=' ' ind2='2' tag='650'><subfield code='a'>Chemistry</subfield></datafield><datafield ind1=' ' ind2='2' tag='650'><subfield code='a'>Natural Science Disciplines</subfield></datafield><datafield ind1=' ' ind2='2' tag='650'><subfield code='a'>Disciplines and Occupations</subfield></datafield><datafield ind1=' ' ind2='7' tag='650'><subfield code='a'>Biology - General</subfield><subfield code='2'>HILCC</subfield></datafield><datafield ind1=' ' ind2='7' tag='650'><subfield code='a'>Biology</subfield><subfield code='2'>HILCC</subfield></datafield><datafield ind1=' ' ind2='7' tag='650'><subfield code='a'>Health &amp; Biological Sciences</subfield><subfield code='2'>HILCC</subfield></datafield><datafield ind1=' ' ind2='7' tag='650'><subfield code='a'>Chemistry</subfield><subfield code='2'>HILCC</subfield></datafield><datafield ind1=' ' ind2='7' tag='650'><subfield code='a'>Physical Sciences &amp; Mathematics</subfield><subfield code='2'>HILCC</subfield></datafield><datafield ind1=' ' ind2='7' tag='650'><subfield code='a'>Organic Chemistry</subfield><subfield code='2'>HILCC</subfield></datafield><datafield ind1=' ' ind2=' ' tag='700'><subfield code='a'>Weissig, Helge</subfield><subfield code='e'>Contributor</subfield></datafield><datafield ind1=' ' ind2=' ' tag='700'><subfield code='a'>Bourne, Philip E</subfield><subfield code='e'>Contributor</subfield></datafield><datafield ind1=' ' ind2=' ' tag='776'><subfield code='z'>0-471-20200-2</subfield></datafield><datafield ind1=' ' ind2=' ' tag='906'><subfield code='a'>BOOK</subfield></datafield><datafield ind1=' ' ind2=' ' tag='ADM'><subfield code='b'>2017-08-21 09:17:40</subfield><subfield code='e'>991000000000018933</subfield><subfield code='d'>NON_SFX</subfield><subfield code='f'>20160803134623.0</subfield><subfield code='a'>2012-02-25 23:27:22</subfield><subfield code='c'>false</subfield></datafield><datafield ind1=' ' ind2=' ' tag='PRT'><subfield code='a'>53363471810003811</subfield><subfield code='b'>https://sandbox01-na.alma.exlibrisgroup.com/view/uresolver/01TULI_INST/openurl?u.ignore_date_coverage=true&amp;rft.mms_id=991036793158903811</subfield><subfield code='e'>Wiley Online Library</subfield><subfield code='9'>Available</subfield><subfield code='c'>Wiley Online Library UBCM all Online Books</subfield><subfield code='h'>613800000000000218</subfield><subfield code='8'>53363471810003811</subfield></datafield></record>