
<record xmlns='http://www.loc.gov/MARC21/slim'><leader>01221nam  2200301Ia 4500</leader><controlfield tag='001'>991036792214403811</controlfield><controlfield tag='005'>20170815112953.0</controlfield><controlfield tag='006'>m     o  d |      </controlfield><controlfield tag='007'>cr -n---------</controlfield><controlfield tag='008'>060403s2006    enka    ob    001 0 eng d</controlfield><datafield ind1=' ' ind2=' ' tag='010'><subfield code='z'>  2006011225</subfield></datafield><datafield ind1=' ' ind2=' ' tag='020'><subfield code='a'>1-280-73873-1</subfield></datafield><datafield ind1=' ' ind2=' ' tag='020'><subfield code='a'>9786610738731</subfield></datafield><datafield ind1=' ' ind2=' ' tag='020'><subfield code='a'>0-470-02003-2</subfield></datafield><datafield ind1=' ' ind2=' ' tag='020'><subfield code='a'>0-470-02002-4</subfield></datafield><datafield ind1=' ' ind2=' ' tag='035'><subfield code='a'>(CKB)1000000000357249</subfield></datafield><datafield ind1=' ' ind2=' ' tag='035'><subfield code='a'>(EBL)284437</subfield></datafield><datafield ind1=' ' ind2=' ' tag='035'><subfield code='a'>(OCoLC)184961285</subfield></datafield><datafield ind1=' ' ind2=' ' tag='035'><subfield code='a'>(SSID)ssj0000111867</subfield></datafield><datafield ind1=' ' ind2=' ' tag='035'><subfield code='a'>(PQKBManifestationID)11124920</subfield></datafield><datafield ind1=' ' ind2=' ' tag='035'><subfield code='a'>(PQKBTitleCode)TC0000111867</subfield></datafield><datafield ind1=' ' ind2=' ' tag='035'><subfield code='a'>(PQKBWorkID)10080562</subfield></datafield><datafield ind1=' ' ind2=' ' tag='035'><subfield code='a'>(PQKB)10971699</subfield></datafield><datafield ind1=' ' ind2=' ' tag='035'><subfield code='a'>(MiAaPQ)EBC284437</subfield></datafield><datafield ind1=' ' ind2=' ' tag='035'><subfield code='a'>(EXLCZ)991000000000357249</subfield></datafield><datafield ind1=' ' ind2=' ' tag='040'><subfield code='a'>MiAaPQ</subfield><subfield code='c'>MiAaPQ</subfield><subfield code='d'>MiAaPQ</subfield></datafield><datafield ind1=' ' ind2=' ' tag='041'><subfield code='a'>eng</subfield></datafield><datafield ind1=' ' ind2='4' tag='050'><subfield code='a'>QH324.2</subfield><subfield code='b'>.B55913 2006</subfield></datafield><datafield ind1='0' ind2='0' tag='082'><subfield code='a'>570.285</subfield><subfield code='a'>572.80285</subfield></datafield><datafield ind1='1' ind2=' ' tag='100'><subfield code='a'>Dardel, Frédéric.</subfield></datafield><datafield ind1=' ' ind2=' ' tag='210'><subfield code='a'>BIOINFORMATICS : GENOMICS &amp; POST-GENOMICS</subfield></datafield><datafield ind1=' ' ind2=' ' tag='210'><subfield code='a'>BIOINFORMATICS</subfield></datafield><datafield ind1='1' ind2='0' tag='240'><subfield code='a'>Bioinformatique.</subfield><subfield code='l'>English</subfield></datafield><datafield ind1='1' ind2='0' tag='245'><subfield code='a'>Bioinformatics</subfield><subfield code='h'>[electronic resource] :</subfield><subfield code='b'>genomics and post-genomics /</subfield><subfield code='c'>Frédéric Dardel and François Képès ; translated by Noah Hardy.</subfield></datafield><datafield ind1=' ' ind2=' ' tag='246'><subfield code='a'>Bioinformatics - Genomics and Post-Genomics</subfield></datafield><datafield ind1=' ' ind2=' ' tag='260'><subfield code='a'>Chichester, England ;</subfield><subfield code='a'>Hoboken, NJ :</subfield><subfield code='b'>John Wiley &amp; Sons,</subfield><subfield code='c'>c2006.</subfield></datafield><datafield ind1=' ' ind2=' ' tag='300'><subfield code='a'>1 online resource (253 p.)</subfield></datafield><datafield ind1=' ' ind2=' ' tag='336'><subfield code='a'>text</subfield><subfield code='b'>txt</subfield></datafield><datafield ind1=' ' ind2=' ' tag='337'><subfield code='a'>computer</subfield><subfield code='b'>c</subfield></datafield><datafield ind1=' ' ind2=' ' tag='338'><subfield code='a'>online resource</subfield><subfield code='b'>cr</subfield></datafield><datafield ind1=' ' ind2=' ' tag='500'><subfield code='a'>Description based upon print version of record.</subfield></datafield><datafield ind1='0' ind2=' ' tag='505'><subfield code='a'>Cover; Contents; Preface to the French edition; Preface to the English edition; 1: Genome sequencing; 1.1 Automatic sequencing; 1.2 Sequencing strategies; 1.3 Fragmentation strategies; 1.4 Sequence assembly; 1.5 Filling gaps; 1.6 Obstacles to reconstruction; 1.7 Utilizing a complementary &apos;large&apos;1 clone library; 1.8 The first large-scale sequencing project: The Haemophilus influenzae genome; 1.9 cDNA and EST; 2: Sequence comparisons; 2.1 Introduction: Comparison as a sequence prediction method; 2.2 A sample molecule: the human androsterone receptor</subfield></datafield><datafield ind1='8' ind2=' ' tag='505'><subfield code='a'>2.3 Sequence homologies - functional homologies2.4 Comparison matrices; 2.5 The problem of insertions and deletions; 2.6 Optimal alignment: the dynamic programming method; 2.7 Fast heuristic methods; 2.8 Sensitivity, specificity, and confidence level; 2.9 Multiple alignments; 3: Comparative genomics; 3.1 General properties of genomes; 3.2 Genome comparisons; 3.3 Gene evolution and phylogeny: applications to annotation; 4: Genetic information and biological sequences; 4.1 Introduction: Coding levels; 4.2 Genes and the genetic code; 4.3 Expression signals; 4.4 Specific sites</subfield></datafield><datafield ind1='8' ind2=' ' tag='505'><subfield code='a'>4.5 Sites located on DNA4.6 Sites present on RNA; 4.7 Pattern detection methods; 5: Statistics and sequences; 5.1 Introduction; 5.2 Nucleotide base and amino acid distribution; 5.3 The biological basis of codon bias; 5.4 Using statistical bias for prediction; 5.5 Modeling DNA sequences; 5.6 Complex models; 5.7 Sequencing errors and hidden Markov models; 5.8 Hidden Markov processes: a general sequence analysis tool; 5.9 The search for genes - a difficult art; 6: Structure prediction; 6.1 The structure of RNA; 6.2 Properties of the RNA molecule; 6.3 Secondary RNA structures</subfield></datafield><datafield ind1='8' ind2=' ' tag='505'><subfield code='a'>6.4 Thermodynamic stability of RNA structures6.5 Finding the most stable structure; 6.6 Validation of predicted secondary structures; 6.7 Using chemical and enzymatic probing to analyze folding; 6.8 Long-distance interactions and three-dimensional structure prediction; 6.9 Protein structure; 6.10 Secondary structure prediction; 6.11 Three-dimensional modeling based on homologous protein structure; 6.12 Predicting folding; 7: Transcriptome and proteome: macromolecular networks; 7.1 Introduction; 7.2 Post-genomic methods; 7.3 Macromolecular networks; 7.4 Topology of macromolecular networks</subfield></datafield><datafield ind1='8' ind2=' ' tag='505'><subfield code='a'>7.5 Modularity and dynamics of macromolecular networks7.6 Inference of regulatory networks; 8: Simulation of biological processes in the genome context; 8.1 Types of simulations; 8.2 Prediction and explanation; 8.3 Simulation of molecular networks; 8.4 Generic post-genomic simulators; Index</subfield></datafield><datafield ind1=' ' ind2=' ' tag='520'><subfield code='a'>This book is an excellent introductory text describing the use of bioinformatics to analyze genomic and post-genomic data. It has been translated from the original popular French edition, which was based on a course taught at the well-respected École Polytechnique in Palaiseau. This edition has been fully revised and updated by the authors. After a brief introduction to gene structure and sequence determination, it describes the techniques used to identify genes, their protein-coding sequences and regulatory regions. The book discusses the methodology of comparative genomics, using informati</subfield></datafield><datafield ind1=' ' ind2=' ' tag='546'><subfield code='a'>English</subfield></datafield><datafield ind1=' ' ind2=' ' tag='504'><subfield code='a'>Includes bibliographical references and index.</subfield></datafield><datafield ind1=' ' ind2='0' tag='650'><subfield code='a'>Bioinformatics.</subfield></datafield><datafield ind1=' ' ind2='0' tag='650'><subfield code='a'>Genomics.</subfield></datafield><datafield ind1=' ' ind2='4' tag='655'><subfield code='a'>Electronic books.</subfield></datafield><datafield ind1='1' ind2=' ' tag='700'><subfield code='a'>Képès, François.</subfield></datafield><datafield ind1=' ' ind2=' ' tag='776'><subfield code='z'>0-470-02001-6</subfield></datafield><datafield ind1=' ' ind2=' ' tag='906'><subfield code='a'>BOOK</subfield></datafield><datafield ind1=' ' ind2=' ' tag='PRT'><subfield code='a'>53363200620003811</subfield><subfield code='b'>https://sandbox01-na.alma.exlibrisgroup.com/view/uresolver/01TULI_INST/openurl?u.ignore_date_coverage=true&amp;rft.mms_id=991036792214403811</subfield><subfield code='e'>Wiley Online Library</subfield><subfield code='c'>Wiley Online Library UBCM all Online Books</subfield><subfield code='h'>613800000000000218</subfield><subfield code='8'>53363200620003811</subfield></datafield></record>