
<record xmlns='http://www.loc.gov/MARC21/slim'><leader>02780nasZZ2200937ZaZ4500</leader><controlfield tag='001'>991036718099003811</controlfield><controlfield tag='005'>20180209150447.0</controlfield><controlfield tag='006'>m-----o--d--------</controlfield><controlfield tag='007'>cr-cn|||||||||</controlfield><controlfield tag='008'>000920c20009999enkar-pso-----0----0eng--</controlfield><datafield ind1=' ' ind2=' ' tag='010'><subfield code='a'>  2001243458</subfield></datafield><datafield ind1=' ' ind2=' ' tag='015'><subfield code='a'>17,O11</subfield><subfield code='2'>dnb</subfield></datafield><datafield ind1='7' ind2=' ' tag='016'><subfield code='a'>100965194</subfield><subfield code='2'>DNLM</subfield></datafield><datafield ind1='7' ind2=' ' tag='016'><subfield code='a'>2041484-5</subfield><subfield code='2'>DE-600</subfield></datafield><datafield ind1='7' ind2=' ' tag='016'><subfield code='a'>011459044</subfield><subfield code='2'>Uk</subfield></datafield><datafield ind1='7' ind2=' ' tag='016'><subfield code='a'>021523126</subfield><subfield code='2'>DE-101</subfield></datafield><datafield ind1='7' ind2=' ' tag='016'><subfield code='a'>021523126</subfield><subfield code='2'>DE-101</subfield></datafield><datafield ind1='7' ind2=' ' tag='016'><subfield code='a'>2041484-5</subfield><subfield code='2'>DE-600</subfield></datafield><datafield ind1='7' ind2=' ' tag='016'><subfield code='a'>100965194</subfield><subfield code='2'>DNLM</subfield></datafield><datafield ind1='7' ind2=' ' tag='016'><subfield code='a'>011459044</subfield><subfield code='2'>Uk</subfield></datafield><datafield ind1='7' ind2=' ' tag='016'><subfield code='a'>021523126</subfield><subfield code='2'>DE-101</subfield></datafield><datafield ind1='7' ind2=' ' tag='016'><subfield code='a'>2041484-5</subfield><subfield code='2'>DE-600</subfield></datafield><datafield ind1='7' ind2=' ' tag='016'><subfield code='a'>100965194</subfield><subfield code='2'>DNLM</subfield></datafield><datafield ind1='7' ind2=' ' tag='016'><subfield code='a'>011459044</subfield><subfield code='2'>Uk</subfield></datafield><datafield ind1='7' ind2=' ' tag='016'><subfield code='a'>021523126</subfield><subfield code='2'>DE-101</subfield></datafield><datafield ind1='7' ind2=' ' tag='016'><subfield code='a'>2041484-5</subfield><subfield code='2'>DE-600</subfield></datafield><datafield ind1='7' ind2=' ' tag='016'><subfield code='a'>100965194</subfield><subfield code='2'>DNLM</subfield></datafield><datafield ind1='7' ind2=' ' tag='016'><subfield code='a'>011459044</subfield><subfield code='2'>Uk</subfield></datafield><datafield ind1='7' ind2=' ' tag='016'><subfield code='a'>021523126</subfield><subfield code='2'>DE-101</subfield></datafield><datafield ind1='7' ind2=' ' tag='016'><subfield code='a'>2041484-5</subfield><subfield code='2'>DE-600</subfield></datafield><datafield ind1='7' ind2=' ' tag='016'><subfield code='a'>100965194</subfield><subfield code='2'>DNLM</subfield></datafield><datafield ind1='7' ind2=' ' tag='016'><subfield code='a'>011459044</subfield><subfield code='2'>Uk</subfield></datafield><datafield ind1='7' ind2=' ' tag='016'><subfield code='a'>021523126</subfield><subfield code='2'>DE-101</subfield></datafield><datafield ind1='7' ind2=' ' tag='016'><subfield code='a'>2041484-5</subfield><subfield code='2'>DE-600</subfield></datafield><datafield ind1='7' ind2=' ' tag='016'><subfield code='a'>100965194</subfield><subfield code='2'>DNLM</subfield></datafield><datafield ind1='7' ind2=' ' tag='016'><subfield code='a'>011459044</subfield><subfield code='2'>Uk</subfield></datafield><datafield ind1='7' ind2=' ' tag='016'><subfield code='a'>021523126</subfield><subfield code='2'>DE-101</subfield></datafield><datafield ind1='7' ind2=' ' tag='016'><subfield code='a'>2041484-5</subfield><subfield code='2'>DE-600</subfield></datafield><datafield ind1='7' ind2=' ' tag='016'><subfield code='a'>100965194</subfield><subfield code='2'>DNLM</subfield></datafield><datafield ind1='7' ind2=' ' tag='016'><subfield code='a'>011459044</subfield><subfield code='2'>Uk</subfield></datafield><datafield ind1=' ' ind2=' ' tag='022'><subfield code='a'>1471-2105</subfield></datafield><datafield ind1=' ' ind2=' ' tag='030'><subfield code='a'>BBMIC4</subfield></datafield><datafield ind1=' ' ind2=' ' tag='035'><subfield code='a'>(OCoLC)48656745</subfield></datafield><datafield ind1=' ' ind2=' ' tag='035'><subfield code='a'>(CKB)111000136905000</subfield></datafield><datafield ind1=' ' ind2=' ' tag='035'><subfield code='a'>(CONSER)--2001243458</subfield></datafield><datafield ind1=' ' ind2=' ' tag='035'><subfield code='a'>(EXLCZ)99111000136905000</subfield></datafield><datafield ind1=' ' ind2=' ' tag='042'><subfield code='a'>pcc</subfield></datafield><datafield ind1='1' ind2='4' tag='050'><subfield code='a'>QH506</subfield></datafield><datafield ind1='1' ind2='0' tag='060'><subfield code='a'>W1</subfield></datafield><datafield ind1='0' ind2=' ' tag='070'><subfield code='a'>QH324.2</subfield><subfield code='b'>.B53</subfield></datafield><datafield ind1=' ' ind2='0' tag='072'><subfield code='a'>X300</subfield></datafield><datafield ind1=' ' ind2=' ' tag='210'><subfield code='a'>BMC BIOINF</subfield></datafield><datafield ind1=' ' ind2=' ' tag='210'><subfield code='a'>BMC BIOINFORMATICS</subfield></datafield><datafield ind1='1' ind2='0' tag='210'><subfield code='a'>BMC Bioinformatics</subfield><subfield code='2'>dnlm</subfield></datafield><datafield ind1='0' ind2='0' tag='245'><subfield code='a'>BMC bioinformatics.</subfield></datafield><datafield ind1='3' ind2=' ' tag='246'><subfield code='a'>BioMed Central bioinformatics</subfield></datafield><datafield ind1='3' ind2='0' tag='246'><subfield code='a'>Bioinformatics</subfield></datafield><datafield ind1=' ' ind2=' ' tag='246'><subfield code='a'>BMC bioinformatics [electronic resource] [BMC Bioinformatics] NLMUID</subfield></datafield><datafield ind1=' ' ind2=' ' tag='260'><subfield code='a'>[London] :</subfield><subfield code='b'>BioMed Central,</subfield><subfield code='c'>[2000]-</subfield></datafield><datafield ind1=' ' ind2=' ' tag='310'><subfield code='a'>Annual</subfield></datafield><datafield ind1=' ' ind2=' ' tag='336'><subfield code='a'>text</subfield><subfield code='b'>txt</subfield><subfield code='2'>rdacontent</subfield></datafield><datafield ind1=' ' ind2=' ' tag='337'><subfield code='a'>computer</subfield><subfield code='b'>c</subfield><subfield code='2'>rdamedia</subfield></datafield><datafield ind1=' ' ind2=' ' tag='338'><subfield code='a'>online resource</subfield><subfield code='b'>cr</subfield><subfield code='2'>rdacarrier</subfield></datafield><datafield ind1='0' ind2=' ' tag='362'><subfield code='a'>Vol. 1, no. 1 (2000)-</subfield></datafield><datafield ind1=' ' ind2=' ' tag='500'><subfield code='a'>Refereed/Peer-reviewed</subfield></datafield><datafield ind1='0' ind2=' ' tag='506'><subfield code='f'>Unrestricted online access</subfield><subfield code='2'>star</subfield></datafield><datafield ind1=' ' ind2=' ' tag='500'><subfield code='a'>Title from BioMed Central archive screen (viewed Dec. 17, 2001).</subfield></datafield><datafield ind1='0' ind2=' ' tag='510'><subfield code='a'>Chemical abstracts</subfield><subfield code='x'>0009-2258</subfield></datafield><datafield ind1=' ' ind2=' ' tag='515'><subfield code='a'>Articles added consecutively to the current annual v.</subfield></datafield><datafield ind1=' ' ind2=' ' tag='538'><subfield code='a'>Mode of access: World Wide Web.</subfield></datafield><datafield ind1=' ' ind2=' ' tag='588'><subfield code='a'>Latest issue consulted: Vol. 5, no. 1 (2004).</subfield></datafield><datafield ind1=' ' ind2='0' tag='650'><subfield code='a'>Bioinformatics</subfield><subfield code='v'>Periodicals.</subfield></datafield><datafield ind1='1' ind2='2' tag='650'><subfield code='a'>Computational Biology.</subfield></datafield><datafield ind1=' ' ind2='7' tag='650'><subfield code='a'>Bioinformatics.</subfield><subfield code='2'>fast</subfield><subfield code='0'>(OCoLC)fst00832181</subfield></datafield><datafield ind1=' ' ind2='7' tag='650'><subfield code='a'>Bioinformatics.</subfield><subfield code='2'>ebps</subfield></datafield><datafield ind1=' ' ind2='0' tag='655'><subfield code='a'>Electronic journals.</subfield></datafield><datafield ind1=' ' ind2='2' tag='655'><subfield code='a'>Periodicals.</subfield></datafield><datafield ind1=' ' ind2='7' tag='655'><subfield code='a'>Periodicals.</subfield><subfield code='2'>fast</subfield><subfield code='0'>(OCoLC)fst01411641</subfield></datafield><datafield ind1=' ' ind2='4' tag='655'><subfield code='a'>Fulltext.</subfield></datafield><datafield ind1=' ' ind2='4' tag='655'><subfield code='a'>Internet Resources.</subfield></datafield><datafield ind1=' ' ind2='4' tag='655'><subfield code='a'>Periodicals.</subfield></datafield><datafield ind1=' ' ind2=' ' tag='906'><subfield code='a'>JOURNAL</subfield></datafield><datafield ind1=' ' ind2=' ' tag='ADM'><subfield code='b'>2018-02-11 05:44:43</subfield><subfield code='e'>99111000136905000</subfield><subfield code='d'>NON_SFX</subfield><subfield code='f'>20160411022202.1</subfield><subfield code='a'>2012-02-25 22:58:24</subfield><subfield code='c'>false</subfield></datafield><datafield ind1=' ' ind2=' ' tag='PRT'><subfield code='a'>53347651770003811</subfield><subfield code='b'>https://sandbox01-na.alma.exlibrisgroup.com/view/uresolver/01TULI_INST/openurl?u.ignore_date_coverage=true&amp;rft.mms_id=991036718099003811</subfield><subfield code='e'>Galegroup</subfield><subfield code='g'> Available from 2004.</subfield><subfield code='9'>Available</subfield><subfield code='c'>Gale Cengage Academic OneFile</subfield><subfield code='h'>611000000000001464</subfield><subfield code='8'>53347651770003811</subfield></datafield><datafield ind1=' ' ind2=' ' tag='PRT'><subfield code='a'>53345238890003811</subfield><subfield code='b'>https://sandbox01-na.alma.exlibrisgroup.com/view/uresolver/01TULI_INST/openurl?u.ignore_date_coverage=true&amp;rft.mms_id=991036718099003811</subfield><subfield code='e'>DOAJ Directory of Open Access Journals</subfield><subfield code='g'> Available from 2000.</subfield><subfield code='9'>Available</subfield><subfield code='c'>DOAJ Directory of Open Access Journals</subfield><subfield code='h'>61111061245432000</subfield><subfield code='8'>53345238890003811</subfield></datafield><datafield ind1=' ' ind2=' ' tag='PRT'><subfield code='a'>53347012270003811</subfield><subfield code='b'>https://sandbox01-na.alma.exlibrisgroup.com/view/uresolver/01TULI_INST/openurl?u.ignore_date_coverage=true&amp;rft.mms_id=991036718099003811</subfield><subfield code='e'>EBSCOhost</subfield><subfield code='g'> Available from 2000.</subfield><subfield code='9'>Available</subfield><subfield code='c'>EBSCOhost Academic Search Complete</subfield><subfield code='h'>611000000000001505</subfield><subfield code='8'>53347012270003811</subfield></datafield><datafield ind1=' ' ind2=' ' tag='PRT'><subfield code='a'>53344853470003811</subfield><subfield code='b'>https://sandbox01-na.alma.exlibrisgroup.com/view/uresolver/01TULI_INST/openurl?u.ignore_date_coverage=true&amp;rft.mms_id=991036718099003811</subfield><subfield code='e'>PubMed Central</subfield><subfield code='g'> Available from 2000 volume: 1.</subfield><subfield code='9'>Available</subfield><subfield code='c'>PubMed Central</subfield><subfield code='h'>61111058563444000</subfield><subfield code='8'>53344853470003811</subfield></datafield><datafield ind1=' ' ind2=' ' tag='PRT'><subfield code='a'>53344856400003811</subfield><subfield code='b'>https://sandbox01-na.alma.exlibrisgroup.com/view/uresolver/01TULI_INST/openurl?u.ignore_date_coverage=true&amp;rft.mms_id=991036718099003811</subfield><subfield code='e'>Springer Link</subfield><subfield code='g'> Available from 2000.</subfield><subfield code='9'>Available</subfield><subfield code='c'>SpringerOpen Free</subfield><subfield code='h'>613170000000000044</subfield><subfield code='8'>53344856400003811</subfield></datafield><datafield ind1=' ' ind2=' ' tag='PRT'><subfield code='a'>53365882220003811</subfield><subfield code='b'>https://sandbox01-na.alma.exlibrisgroup.com/view/uresolver/01TULI_INST/openurl?u.ignore_date_coverage=true&amp;rft.mms_id=991036718099003811</subfield><subfield code='e'>Springer Link</subfield><subfield code='g'> Available from 2000 volume: 1 issue: 1.</subfield><subfield code='9'>Available</subfield><subfield code='c'>SpringerLink Journals Complete</subfield><subfield code='h'>611000000000000664</subfield><subfield code='8'>53365882220003811</subfield></datafield><datafield ind1=' ' ind2=' ' tag='PRT'><subfield code='a'>53344830660003811</subfield><subfield code='b'>https://sandbox01-na.alma.exlibrisgroup.com/view/uresolver/01TULI_INST/openurl?u.ignore_date_coverage=true&amp;rft.mms_id=991036718099003811</subfield><subfield code='e'>BioMed Central</subfield><subfield code='g'> Available from 2000.</subfield><subfield code='9'>Available</subfield><subfield code='c'>BioMed Central Open Access Free</subfield><subfield code='h'>611000000000000500</subfield><subfield code='8'>53344830660003811</subfield></datafield></record>