
<record xmlns='http://www.loc.gov/MARC21/slim'><leader>02074cam a2200409Ia 4500</leader><controlfield tag='005'>20080507085130.0</controlfield><controlfield tag='008'>070706s2007    enka     b    001 0 eng d</controlfield><controlfield tag='001'>991027048979703811</controlfield><datafield ind1=' ' ind2=' ' tag='010'><subfield code='a'>2008378100</subfield></datafield><datafield ind1=' ' ind2=' ' tag='020'><subfield code='a'>1904842232 (hbk.)</subfield></datafield><datafield ind1=' ' ind2=' ' tag='020'><subfield code='a'>9781904842231 (hbk.)</subfield></datafield><datafield ind1=' ' ind2=' ' tag='020'><subfield code='a'>190484216X (pbk.)</subfield></datafield><datafield ind1=' ' ind2=' ' tag='020'><subfield code='a'>9781904842163 (pbk.)</subfield></datafield><datafield ind1=' ' ind2=' ' tag='035'><subfield code='a'>(PPT)b34290904-01tuli_inst</subfield></datafield><datafield ind1=' ' ind2=' ' tag='035'><subfield code='a'>(OCoLC)153576215</subfield></datafield><datafield ind1=' ' ind2=' ' tag='040'><subfield code='a'>YDXCP</subfield><subfield code='c'>YDXCP</subfield><subfield code='d'>BTCTA</subfield><subfield code='d'>TXA</subfield><subfield code='d'>BAKER</subfield><subfield code='d'>DAY</subfield><subfield code='d'>DLC</subfield><subfield code='d'>COU</subfield><subfield code='d'>TMY</subfield></datafield><datafield ind1=' ' ind2=' ' tag='049'><subfield code='a'>TMYM</subfield></datafield><datafield ind1='0' ind2='0' tag='050'><subfield code='a'>QH324.2</subfield><subfield code='b'>.B544 2007</subfield></datafield><datafield ind1=' ' ind2=' ' tag='096'><subfield code='a'>QU 26.5</subfield><subfield code='b'>B614 2007</subfield></datafield><datafield ind1='0' ind2='0' tag='245'><subfield code='a'>Bioinformatics /</subfield><subfield code='c'>edited by Paul H. Dear.</subfield></datafield><datafield ind1='3' ind2=' ' tag='246'><subfield code='a'>Bioinformatics :</subfield><subfield code='b'>methods express</subfield></datafield><datafield ind1=' ' ind2=' ' tag='260'><subfield code='a'>Bloxham :</subfield><subfield code='b'>Scion,</subfield><subfield code='c'>2007.</subfield></datafield><datafield ind1=' ' ind2=' ' tag='300'><subfield code='a'>xxxi, 294 p. :</subfield><subfield code='b'>ill. (some col.) ;</subfield><subfield code='c'>25 cm.</subfield></datafield><datafield ind1=' ' ind2='0' tag='440'><subfield code='a'>Methods express</subfield></datafield><datafield ind1=' ' ind2=' ' tag='521'><subfield code='a'>Wet-bench scientists who need to use bioinformatics.</subfield></datafield><datafield ind1=' ' ind2=' ' tag='504'><subfield code='a'>Includes bibliographical references and index.</subfield></datafield><datafield ind1='0' ind2=' ' tag='505'><subfield code='a'>Database resources for wet-bench scientists / Neil Hall and Lynn M. Schriml -- Navigating sequenced genomes / Melody S. Clark and Thomas Schlitt -- Sequence similarity searches / Jaap Heringa and Walter Pirovano -- Gene prediction / Marie-Adele Rajandream -- Prediction of noncoding transcripts / Alex Bateman and Sam Griffiths-Jones -- Finding regulatory elements in DNA sequence / Debraj GuhaThakurta and Gary D. Stormo -- Expressed sequence tags / Arthur Gruber -- Protein structure, classification, and prediction / Arthur M. Lesk -- Gene ontology / Vineet Sangar -- Prediction of protein function / Rodrigo Lopez -- Multiple sequence alignment / Burkhard Morgenstern -- Inferring phylogenetic relationships from sequence data / Peter G. Foster.</subfield></datafield><datafield ind1=' ' ind2='0' tag='650'><subfield code='a'>Bioinformatics.</subfield></datafield><datafield ind1='1' ind2='2' tag='650'><subfield code='a'>Computational Biology</subfield><subfield code='v'>Laboratory Manuals.</subfield></datafield><datafield ind1='1' ind2='2' tag='650'><subfield code='a'>Genetic Techniques</subfield><subfield code='v'>Laboratory Manuals.</subfield></datafield><datafield ind1='1' ind2=' ' tag='700'><subfield code='a'>Dear, Paul H.</subfield></datafield><datafield ind1='4' ind2='1' tag='856'><subfield code='3'>Table of contents</subfield><subfield code='u'>http://www.loc.gov/catdir/toc/fy0803/2008378100.html</subfield></datafield><datafield ind1=' ' ind2=' ' tag='907'><subfield code='a'>.b34290904</subfield><subfield code='b'>hk   </subfield><subfield code='c'>-</subfield></datafield><datafield ind1=' ' ind2=' ' tag='902'><subfield code='a'>080714</subfield></datafield><datafield ind1=' ' ind2=' ' tag='998'><subfield code='b'>1</subfield><subfield code='c'>080623</subfield><subfield code='d'>m</subfield><subfield code='e'>a</subfield><subfield code='f'>-</subfield><subfield code='g'>0</subfield></datafield><datafield ind1=' ' ind2=' ' tag='998'><subfield code='b'>1</subfield><subfield code='c'>080623</subfield><subfield code='d'>m</subfield><subfield code='e'>a</subfield><subfield code='f'>-</subfield><subfield code='g'>0</subfield></datafield><datafield ind1=' ' ind2=' ' tag='945'><subfield code='l'>hkbst</subfield><subfield code='g'>1</subfield></datafield><datafield ind1=' ' ind2=' ' tag='ADM'><subfield code='e'>b34290904-01tuli_inst</subfield><subfield code='d'>ILS</subfield><subfield code='a'>2017-06-20 08:13:15</subfield><subfield code='c'>false</subfield></datafield><datafield ind1='2' ind2=' ' tag='HLD'><subfield code='b'>GINSBURG</subfield><subfield code='c'>stacks</subfield><subfield code='h'>QU 26.5</subfield><subfield code='i'>B614 2007</subfield><subfield code='8'>22279104200003811</subfield></datafield><datafield ind1=' ' ind2=' ' tag='ITM'><subfield code='r'>22279104200003811</subfield><subfield code='b'>1</subfield><subfield code='h'>2</subfield><subfield code='g'>stacks</subfield><subfield code='t'>BOOK</subfield><subfield code='9'>39074500398003</subfield><subfield code='e'>stacks</subfield><subfield code='8'>23279104190003811</subfield><subfield code='a'>0</subfield><subfield code='q'>2017-06-20 08:13:15</subfield><subfield code='i'>QU 26.5 B614 2007</subfield><subfield code='d'>GINSBURG</subfield><subfield code='f'>GINSBURG</subfield></datafield></record>