
<record xmlns='http://www.loc.gov/MARC21/slim'><leader>02420nasZZ2200649ZaZ4500</leader><controlfield tag='001'>991036718131703811</controlfield><controlfield tag='005'>20180328114301.0</controlfield><controlfield tag='006'>m-----o--d--------</controlfield><controlfield tag='007'>cr-|||||||||||</controlfield><controlfield tag='008'>111206d20122014ua-uu-p-o-----0----0eng-c</controlfield><datafield ind1=' ' ind2=' ' tag='010'><subfield code='a'>  2014243002</subfield></datafield><datafield ind1='7' ind2=' ' tag='016'><subfield code='a'>101622095</subfield><subfield code='2'>DNLM</subfield></datafield><datafield ind1='7' ind2=' ' tag='016'><subfield code='a'>101622095</subfield><subfield code='2'>DNLM</subfield></datafield><datafield ind1='7' ind2=' ' tag='016'><subfield code='a'>101622095</subfield><subfield code='2'>DNLM</subfield></datafield><datafield ind1='7' ind2=' ' tag='016'><subfield code='a'>101622095</subfield><subfield code='2'>DNLM</subfield></datafield><datafield ind1=' ' ind2=' ' tag='022'><subfield code='a'>2090-7346</subfield></datafield><datafield ind1=' ' ind2=' ' tag='035'><subfield code='a'>(OCoLC)767650725</subfield></datafield><datafield ind1=' ' ind2=' ' tag='035'><subfield code='a'>(CKB)2670000000132824</subfield></datafield><datafield ind1=' ' ind2=' ' tag='035'><subfield code='a'>(CONSER)--2014243002</subfield></datafield><datafield ind1=' ' ind2=' ' tag='035'><subfield code='a'>(EXLCZ)992670000000132824</subfield></datafield><datafield ind1=' ' ind2=' ' tag='042'><subfield code='a'>pcc</subfield></datafield><datafield ind1=' ' ind2='4' tag='050'><subfield code='a'>QH324.2</subfield><subfield code='b'>.I87</subfield></datafield><datafield ind1='1' ind2='0' tag='060'><subfield code='a'>W1</subfield></datafield><datafield ind1='1' ind2=' ' tag='210'><subfield code='a'>ISRN bioinform</subfield><subfield code='b'>(Online)</subfield></datafield><datafield ind1=' ' ind2=' ' tag='210'><subfield code='a'>ISRN BIOINFORM</subfield></datafield><datafield ind1=' ' ind2='0' tag='222'><subfield code='a'>ISRN bioinformatics</subfield><subfield code='b'>(Online)</subfield></datafield><datafield ind1='0' ind2='0' tag='245'><subfield code='a'>ISRN bioinformatics.</subfield></datafield><datafield ind1=' ' ind2=' ' tag='246'><subfield code='a'>ISRN Bioinformatics (Print)</subfield></datafield><datafield ind1='1' ind2='3' tag='246'><subfield code='a'>International Scholarly Research Network bioinformatics</subfield></datafield><datafield ind1='3' ind2='0' tag='246'><subfield code='a'>Bioinformatics</subfield></datafield><datafield ind1=' ' ind2=' ' tag='250'><subfield code='a'>Electronic version.</subfield></datafield><datafield ind1=' ' ind2=' ' tag='260'><subfield code='a'>Cairo, Egypt :</subfield><subfield code='b'>Hindawi Pub. Corp.</subfield></datafield><datafield ind1=' ' ind2=' ' tag='300'><subfield code='a'>1 online resource (3 volumes)</subfield></datafield><datafield ind1=' ' ind2=' ' tag='336'><subfield code='a'>text</subfield><subfield code='b'>txt</subfield><subfield code='2'>rdacontent</subfield></datafield><datafield ind1=' ' ind2=' ' tag='337'><subfield code='a'>computer</subfield><subfield code='b'>c</subfield><subfield code='2'>rdamedia</subfield></datafield><datafield ind1=' ' ind2=' ' tag='338'><subfield code='a'>online resource</subfield><subfield code='b'>cr</subfield><subfield code='2'>rdacarrier</subfield></datafield><datafield ind1='1' ind2=' ' tag='362'><subfield code='a'>Began with vol. 2012 (2012); ceased in 2014.</subfield></datafield><datafield ind1=' ' ind2=' ' tag='515'><subfield code='a'>Articles added as received to annual volume in progress.</subfield></datafield><datafield ind1=' ' ind2=' ' tag='580'><subfield code='a'>Merged with the other ISRN journal titles to form: International scholarly research notices.</subfield></datafield><datafield ind1=' ' ind2=' ' tag='588'><subfield code='a'>Description based on: Vol. 2012; title from PDF caption (publisher&apos;s Web site, viewed Dec. 5, 2011).</subfield></datafield><datafield ind1=' ' ind2=' ' tag='588'><subfield code='a'>Latest issue consulted: Vol. 2013, article ID 174064 (viewed Jan. 3, 2013).</subfield></datafield><datafield ind1=' ' ind2=' ' tag='500'><subfield code='a'>Refereed/Peer-reviewed</subfield></datafield><datafield ind1=' ' ind2='0' tag='650'><subfield code='a'>Bioinformatics</subfield><subfield code='v'>Periodicals.</subfield></datafield><datafield ind1=' ' ind2='0' tag='650'><subfield code='a'>Computational biology</subfield><subfield code='v'>Periodicals.</subfield></datafield><datafield ind1=' ' ind2='0' tag='650'><subfield code='a'>Medical informatics</subfield><subfield code='v'>Periodicals.</subfield></datafield><datafield ind1='1' ind2='2' tag='650'><subfield code='a'>Computational Biology.</subfield></datafield><datafield ind1='1' ind2='2' tag='650'><subfield code='a'>Medical Informatics.</subfield></datafield><datafield ind1=' ' ind2='7' tag='650'><subfield code='a'>Bioinformatics.</subfield><subfield code='2'>fast</subfield><subfield code='0'>(OCoLC)fst00832181</subfield></datafield><datafield ind1=' ' ind2='7' tag='650'><subfield code='a'>Computational biology.</subfield><subfield code='2'>fast</subfield><subfield code='0'>(OCoLC)fst00871990</subfield></datafield><datafield ind1=' ' ind2='7' tag='650'><subfield code='a'>Medical informatics.</subfield><subfield code='2'>fast</subfield><subfield code='0'>(OCoLC)fst01014175</subfield></datafield><datafield ind1=' ' ind2='2' tag='655'><subfield code='a'>Periodicals.</subfield></datafield><datafield ind1=' ' ind2='7' tag='655'><subfield code='a'>Periodicals.</subfield><subfield code='2'>fast</subfield><subfield code='0'>(OCoLC)fst01411641</subfield></datafield><datafield ind1='2' ind2=' ' tag='710'><subfield code='a'>International Scholarly Research Network.</subfield></datafield><datafield ind1='2' ind2=' ' tag='710'><subfield code='a'>Hindawi Publishing Corporation.</subfield></datafield><datafield ind1=' ' ind2=' ' tag='776'><subfield code='x'>2090-7338</subfield></datafield><datafield ind1='0' ind2='0' tag='785'><subfield code='w'>(CKB)2550000001348829</subfield></datafield><datafield ind1=' ' ind2=' ' tag='906'><subfield code='a'>JOURNAL</subfield></datafield><datafield ind1=' ' ind2=' ' tag='ADM'><subfield code='b'>2018-04-01 04:37:54</subfield><subfield code='e'>992670000000132824</subfield><subfield code='d'>NON_SFX</subfield><subfield code='f'>20170503080136.2</subfield><subfield code='a'>2012-02-26 01:17:26</subfield><subfield code='c'>false</subfield></datafield><datafield ind1=' ' ind2=' ' tag='PRT'><subfield code='a'>53344818570003811</subfield><subfield code='b'>https://sandbox01-na.alma.exlibrisgroup.com/view/uresolver/01TULI_INST/openurl?u.ignore_date_coverage=true&amp;rft.mms_id=991036718131703811</subfield><subfield code='e'>PubMed Central</subfield><subfield code='g'> Available from 2012 volume: 2012 until 2014 volume: 2014.</subfield><subfield code='9'>Available</subfield><subfield code='c'>PubMed Central</subfield><subfield code='h'>61111058563444000</subfield><subfield code='8'>53344818570003811</subfield></datafield></record>