
<record xmlns='http://www.loc.gov/MARC21/slim'><leader>03792nam  2200637 i 4500</leader><controlfield tag='001'>991036740854103811</controlfield><controlfield tag='005'>20170816134327.0</controlfield><controlfield tag='006'>m     o  d        </controlfield><controlfield tag='007'>cr -n---------</controlfield><controlfield tag='008'>151223s2001    maua    ob    001   eng d</controlfield><datafield ind1=' ' ind2=' ' tag='010'><subfield code='z'>  2001030210</subfield></datafield><datafield ind1=' ' ind2=' ' tag='020'><subfield code='a'>1-282-09608-7</subfield></datafield><datafield ind1=' ' ind2=' ' tag='020'><subfield code='a'>9786612096082</subfield></datafield><datafield ind1=' ' ind2=' ' tag='020'><subfield code='a'>0-262-25570-7</subfield></datafield><datafield ind1=' ' ind2=' ' tag='020'><subfield code='a'>0-585-44466-8</subfield></datafield><datafield ind1=' ' ind2=' ' tag='035'><subfield code='a'>(CKB)111056485409358</subfield></datafield><datafield ind1=' ' ind2=' ' tag='035'><subfield code='a'>(EBL)3338802</subfield></datafield><datafield ind1=' ' ind2=' ' tag='035'><subfield code='a'>(SSID)ssj0000111873</subfield></datafield><datafield ind1=' ' ind2=' ' tag='035'><subfield code='a'>(PQKBManifestationID)11131000</subfield></datafield><datafield ind1=' ' ind2=' ' tag='035'><subfield code='a'>(PQKBTitleCode)TC0000111873</subfield></datafield><datafield ind1=' ' ind2=' ' tag='035'><subfield code='a'>(PQKBWorkID)10080369</subfield></datafield><datafield ind1=' ' ind2=' ' tag='035'><subfield code='a'>(PQKB)10627303</subfield></datafield><datafield ind1=' ' ind2=' ' tag='035'><subfield code='a'>(MiAaPQ)EBC3338802</subfield></datafield><datafield ind1=' ' ind2=' ' tag='035'><subfield code='a'>(CaBNVSL)mat06267217</subfield></datafield><datafield ind1=' ' ind2=' ' tag='035'><subfield code='a'>(IDAMS)0b000064818b419b</subfield></datafield><datafield ind1=' ' ind2=' ' tag='035'><subfield code='a'>(IEEE)6267217</subfield></datafield><datafield ind1=' ' ind2=' ' tag='035'><subfield code='a'>(EXLCZ)99111056485409358</subfield></datafield><datafield ind1=' ' ind2=' ' tag='040'><subfield code='a'>CaBNVSL</subfield><subfield code='b'>eng</subfield><subfield code='e'>rda</subfield><subfield code='c'>CaBNVSL</subfield><subfield code='d'>CaBNVSL</subfield></datafield><datafield ind1=' ' ind2=' ' tag='041'><subfield code='a'>eng</subfield></datafield><datafield ind1=' ' ind2='4' tag='050'><subfield code='a'>QH506</subfield><subfield code='b'>.B35 2001eb</subfield></datafield><datafield ind1=' ' ind2='4' tag='060'><subfield code='a'>QH 506</subfield><subfield code='b'>B177b 2001</subfield></datafield><datafield ind1='0' ind2='0' tag='082'><subfield code='a'>572.8</subfield></datafield><datafield ind1='1' ind2=' ' tag='100'><subfield code='a'>Baldi, Pierre,</subfield><subfield code='e'>author.</subfield></datafield><datafield ind1='1' ind2='0' tag='245'><subfield code='a'>Bioinformatics :</subfield><subfield code='b'>the machine learning approach /</subfield><subfield code='c'>Pierre Baldi, Søren Brunak.</subfield></datafield><datafield ind1=' ' ind2=' ' tag='246'><subfield code='a'>Adaptive computation and machine learning</subfield></datafield><datafield ind1=' ' ind2=' ' tag='246'><subfield code='a'>Bioinformatics, second edition:The Machine Learning Approach</subfield></datafield><datafield ind1=' ' ind2=' ' tag='246'><subfield code='a'>Bioinformatics, second edition</subfield></datafield><datafield ind1=' ' ind2=' ' tag='250'><subfield code='a'>2nd ed.</subfield></datafield><datafield ind1=' ' ind2='1' tag='264'><subfield code='a'>Cambridge, Massachusetts :</subfield><subfield code='b'>MIT Press,</subfield><subfield code='c'>c2001.</subfield></datafield><datafield ind1=' ' ind2='2' tag='264'><subfield code='a'>[Piscataqay, New Jersey] :</subfield><subfield code='b'>IEEE Xplore,</subfield><subfield code='c'>[2001]</subfield></datafield><datafield ind1=' ' ind2=' ' tag='300'><subfield code='a'>1 online resource (477 p.)</subfield></datafield><datafield ind1=' ' ind2=' ' tag='336'><subfield code='a'>text</subfield><subfield code='b'>txt</subfield></datafield><datafield ind1=' ' ind2=' ' tag='337'><subfield code='a'>computer</subfield><subfield code='b'>c</subfield></datafield><datafield ind1=' ' ind2=' ' tag='338'><subfield code='a'>online resource</subfield><subfield code='b'>cr</subfield></datafield><datafield ind1='1' ind2=' ' tag='490'><subfield code='a'>Adaptive computation and machine learning series</subfield></datafield><datafield ind1=' ' ind2=' ' tag='500'><subfield code='a'>Description based upon print version of record.</subfield></datafield><datafield ind1='0' ind2=' ' tag='505'><subfield code='a'>Contents; Series Foreword; Preface; 1 Introduction; 2 Machine-Learning Foundations: The Probabilistic Framework; 3 Probabilistic Modeling and Inference: Examples; 4 Machine Learning Algorithms; 5 Neural Networks: The Theory; 6 Neural Networks: Applications; 7 Hidden Markov Models: The Theory; 8 Hidden Markov Models: Applications; 9 Probabilistic Graphical Models in Bioinformatics; 10 Probabilistic Models of Evolution: Phylogenetic Trees; 11 Stochastic Grammars and Linguistics; 12 Microarrays and Gene Expression; 13 Internet Resources and Public Databases; A Statistics</subfield></datafield><datafield ind1='8' ind2=' ' tag='505'><subfield code='a'>B Information Theory, Entropy, and Relative EntropyC Probabilistic Graphical Models; D HMM Technicalities, Scaling, Periodic Architectures, State Functions, and Dirichlet Mixtures; E Gaussian Processes, Kernel Methods, and Support Vector Machines; F Symbols and Abbreviations; References; Index</subfield></datafield><datafield ind1=' ' ind2=' ' tag='546'><subfield code='a'>English</subfield></datafield><datafield ind1=' ' ind2=' ' tag='504'><subfield code='a'>Includes bibliographical references.</subfield></datafield><datafield ind1='1' ind2=' ' tag='506'><subfield code='a'>Restricted to subscribers or individual electronic text purchasers.</subfield></datafield><datafield ind1=' ' ind2=' ' tag='520'><subfield code='a'>An unprecedented wealth of data is being generated by genome sequencing projects and other experimental efforts to determine the structure and function of biological molecules. The demands and opportunities for interpreting these data are expanding rapidly. Bioinformatics is the development and application of computer methods for management, analysis, interpretation, and prediction, as well as for the design of experiments. Machine learning approaches (e.g., neural networks, hidden Markov models, and belief networks) are ideally suited for areas where there is a lot of data but little theory, which is the situation in molecular biology. The goal in machine learning is to extract useful information from a body of data by building good probabilistic models--and to automate the process as much as possible.In this book Pierre Baldi and Soren Brunak present the key machine learning approaches and apply them to the computational problems encountered in the analysis of biological data. The book is aimed both at biologists and biochemists who need to understand new data-driven algorithms and at those with a primary background in physics, mathematics, statistics, or computer science who need to know more about applications in molecular biology.This new second edition contains expanded coverage of probabilistic graphical models and of the applications of neural networks, as well as a new chapter on microarrays and gene expression. The entire text has been extensively revised.</subfield></datafield><datafield ind1=' ' ind2=' ' tag='530'><subfield code='a'>Also available in print.</subfield></datafield><datafield ind1=' ' ind2=' ' tag='538'><subfield code='a'>Mode of access: World Wide Web</subfield></datafield><datafield ind1=' ' ind2=' ' tag='550'><subfield code='a'>Made available online by Ebrary.</subfield></datafield><datafield ind1=' ' ind2=' ' tag='588'><subfield code='a'>Description based on PDF viewed 12/23/2015.</subfield></datafield><datafield ind1=' ' ind2='0' tag='650'><subfield code='a'>Bioinformatics.</subfield></datafield><datafield ind1=' ' ind2='0' tag='650'><subfield code='a'>Molecular biology</subfield><subfield code='x'>Computer simulation.</subfield></datafield><datafield ind1=' ' ind2='0' tag='650'><subfield code='a'>Molecular biology</subfield><subfield code='x'>Mathematical models.</subfield></datafield><datafield ind1=' ' ind2='0' tag='650'><subfield code='a'>Neural networks (Computer science)</subfield></datafield><datafield ind1=' ' ind2='0' tag='650'><subfield code='a'>Machine learning.</subfield></datafield><datafield ind1=' ' ind2='0' tag='650'><subfield code='a'>Markov processes.</subfield></datafield><datafield ind1=' ' ind2='4' tag='655'><subfield code='a'>Electronic books.</subfield></datafield><datafield ind1='1' ind2=' ' tag='700'><subfield code='a'>Brunak, Søren.</subfield></datafield><datafield ind1=' ' ind2=' ' tag='776'><subfield code='z'>0-262-02506-X</subfield></datafield><datafield ind1=' ' ind2='0' tag='830'><subfield code='a'>Adaptive computation and machine learning</subfield></datafield><datafield ind1=' ' ind2=' ' tag='906'><subfield code='a'>BOOK</subfield></datafield><datafield ind1=' ' ind2=' ' tag='PRT'><subfield code='a'>53389552500003811</subfield><subfield code='b'>https://sandbox01-na.alma.exlibrisgroup.com/view/uresolver/01TULI_INST/openurl?u.ignore_date_coverage=true&amp;rft.mms_id=991036740854103811</subfield><subfield code='e'>CogNet Library</subfield><subfield code='c'>CogNet Library Books</subfield><subfield code='h'>611000000000001833</subfield><subfield code='8'>53389552500003811</subfield></datafield><datafield ind1=' ' ind2=' ' tag='PRT'><subfield code='a'>53421344990003811</subfield><subfield code='b'>https://sandbox01-na.alma.exlibrisgroup.com/view/uresolver/01TULI_INST/openurl?u.ignore_date_coverage=true&amp;rft.mms_id=991036740854103811</subfield><subfield code='e'>Ebook Central</subfield><subfield code='c'>Ebook Central Academic Complete</subfield><subfield code='h'>614200000000000002</subfield><subfield code='8'>53421344990003811</subfield></datafield><datafield ind1=' ' ind2=' ' tag='PRT'><subfield code='a'>53363851790003811</subfield><subfield code='b'>https://sandbox01-na.alma.exlibrisgroup.com/view/uresolver/01TULI_INST/openurl?u.ignore_date_coverage=true&amp;rft.mms_id=991036740854103811</subfield><subfield code='e'>EBSCOhost</subfield><subfield code='c'>EBSCOhost Ebooks</subfield><subfield code='h'>61111000211069000</subfield><subfield code='8'>53363851790003811</subfield></datafield></record>