
<record xmlns='http://www.loc.gov/MARC21/slim'><leader>01143nam  22002894a 4500</leader><controlfield tag='001'>991036743203103811</controlfield><controlfield tag='005'>20170815114038.0</controlfield><controlfield tag='006'>m     o  d |      </controlfield><controlfield tag='007'>cr -n---------</controlfield><controlfield tag='008'>030224s2003    caua    ob    001 0 eng  </controlfield><datafield ind1=' ' ind2=' ' tag='010'><subfield code='z'>  2003044603</subfield></datafield><datafield ind1=' ' ind2=' ' tag='020'><subfield code='a'>1-281-07813-1</subfield></datafield><datafield ind1=' ' ind2=' ' tag='020'><subfield code='a'>9786611078133</subfield></datafield><datafield ind1=' ' ind2=' ' tag='020'><subfield code='a'>0-08-052798-1</subfield></datafield><datafield ind1=' ' ind2=' ' tag='035'><subfield code='a'>(CKB)1000000000384503</subfield></datafield><datafield ind1=' ' ind2=' ' tag='035'><subfield code='a'>(EBL)317252</subfield></datafield><datafield ind1=' ' ind2=' ' tag='035'><subfield code='a'>(OCoLC)476110958</subfield></datafield><datafield ind1=' ' ind2=' ' tag='035'><subfield code='a'>(SSID)ssj0000111874</subfield></datafield><datafield ind1=' ' ind2=' ' tag='035'><subfield code='a'>(PQKBManifestationID)11131001</subfield></datafield><datafield ind1=' ' ind2=' ' tag='035'><subfield code='a'>(PQKBTitleCode)TC0000111874</subfield></datafield><datafield ind1=' ' ind2=' ' tag='035'><subfield code='a'>(PQKBWorkID)10080985</subfield></datafield><datafield ind1=' ' ind2=' ' tag='035'><subfield code='a'>(PQKB)11302534</subfield></datafield><datafield ind1=' ' ind2=' ' tag='035'><subfield code='a'>(MiAaPQ)EBC317252</subfield></datafield><datafield ind1=' ' ind2=' ' tag='035'><subfield code='a'>(EXLCZ)991000000000384503</subfield></datafield><datafield ind1=' ' ind2=' ' tag='040'><subfield code='a'>MiAaPQ</subfield><subfield code='c'>MiAaPQ</subfield><subfield code='d'>MiAaPQ</subfield></datafield><datafield ind1=' ' ind2=' ' tag='041'><subfield code='a'>eng</subfield></datafield><datafield ind1=' ' ind2='4' tag='050'><subfield code='a'>QH324.2</subfield><subfield code='b'>.B55 2003</subfield></datafield><datafield ind1='0' ind2='0' tag='082'><subfield code='a'>570.285</subfield></datafield><datafield ind1='1' ind2=' ' tag='100'><subfield code='a'>Lacroix, Zoé.</subfield></datafield><datafield ind1=' ' ind2=' ' tag='210'><subfield code='a'>MORGAN KAUFMANN SERIES IN MULTIMEDIA INFORMATION AND SYSTEMS </subfield></datafield><datafield ind1=' ' ind2=' ' tag='210'><subfield code='a'>BIOINFORMATICS</subfield></datafield><datafield ind1='0' ind2='0' tag='245'><subfield code='a'>Bioinformatics</subfield><subfield code='h'>[electronic resource] :</subfield><subfield code='b'>managing scientific data /</subfield><subfield code='c'>edited by Zoé Lacroix and Terence Critchlow.</subfield></datafield><datafield ind1=' ' ind2=' ' tag='246'><subfield code='a'>The Morgan Kaufmann series in multimedia information and systems</subfield></datafield><datafield ind1=' ' ind2=' ' tag='260'><subfield code='a'>San Francisco, CA :</subfield><subfield code='b'>Morgan Kaufmann Publishers,</subfield><subfield code='c'>c2003.</subfield></datafield><datafield ind1=' ' ind2=' ' tag='300'><subfield code='a'>1 online resource (465 p.)</subfield></datafield><datafield ind1=' ' ind2=' ' tag='336'><subfield code='a'>text</subfield><subfield code='b'>txt</subfield></datafield><datafield ind1=' ' ind2=' ' tag='337'><subfield code='a'>computer</subfield><subfield code='b'>c</subfield></datafield><datafield ind1=' ' ind2=' ' tag='338'><subfield code='a'>online resource</subfield><subfield code='b'>cr</subfield></datafield><datafield ind1='1' ind2=' ' tag='490'><subfield code='a'>The Morgan Kaufmann series in multimedia information and systems</subfield></datafield><datafield ind1=' ' ind2=' ' tag='500'><subfield code='a'>Description based upon print version of record.</subfield></datafield><datafield ind1='0' ind2=' ' tag='505'><subfield code='a'>Cover; Bioinformatics: Managing Scientific Data; Copyright Page; Contents; Preface; Chapter 1. Introduction; 1.1 Overview; 1.2 Problem and Scope; 1.3 Biological Data Integration; 1.4 Developing a Biological Data Integration System; References; Chapter 2. Challenges Faced in the Integration of Biological Information; 2.1 The Life Science Discovery Process; 2.2 An Information Integration Environment for Life Science Discovery; 2.3 The Nature of Biological Data; 2.4 Data Sources in Life Science; 2.5 Challenges in Information Integration; Conclusion; References</subfield></datafield><datafield ind1='8' ind2=' ' tag='505'><subfield code='a'>Chapter 3. A Practitioner&apos;s Guide to Data Management and Data Integration in Bioinformatics3.1 Introduction; 3.2 Data Management in Bioinformatics; 3.3 Dimensions Describing the Space of Integration Solutions; 3.4 Use Cases of Integration Solutions; 3.5 Strengths and Weaknesses of the Various Approaches to Integration; 3.6 Tough Problems in Bioinformatics Integration; 3.7 Summary; Acknowledgments; References; Chapter 4. Issues to Address While Designing a Biological Information System; 4.1 Legacy; 4.2 A Domain in Constant Evolution; 4.3 Biological Queries; 4.4 Query Processing</subfield></datafield><datafield ind1='8' ind2=' ' tag='505'><subfield code='a'>4.5 Visualization4.6 Conclusion; Acknowledgments; References; Chapter 5. SRS: An Integration Platform for Databanks and Analysis Tools in Bioinformatics; 5.1 Integrating Flat File Databanks; 5.2 Integration of XML Databases; 5.3 Integrating Relational Databases; 5.4 The SRS Query Language; 5.5 Linking Databanks; 5.6 The Object Loader; 5.7 Scientific Analysis Tools; 5.8 Interfaces to SRS; 5.9 Automated Server Maintenance with SRS Prisma; 5.10 Conclusion; References; Chapter 6. The Kleisli Query System as a Backbone for Bioinformatics Data Integration and Analysis; 6.1 Motivating Example</subfield></datafield><datafield ind1='8' ind2=' ' tag='505'><subfield code='a'>6.2 Approach6.3 Data Model and Representation; 6.4 Query Capability; 6.5 Warehousing Capability; 6.6 Data Sources; 6.7 Optimizations; 6.8 User Interfaces; 6.9 Other Data Integration Technologies; 6.10 Conclusions; References; Chapter 7. Complex Query Formulation Over Diverse Information Sources in TAMBIS; 7.1 The Ontology; 7.2 The User Interface; 7.3 The Query Processor; 7.4 Related Work; 7.5 Current and Future Developments in TAMBIS; Acknowledgments; References; Chapter 8. The Information Integration System K2; 8.1 Approach; 8.2 Data Model and Languages; 8.3 An Example; 8.4 Internal Language</subfield></datafield><datafield ind1='8' ind2=' ' tag='505'><subfield code='a'>8.5 Data Sources8.6 Query Optimization; 8.7 User Interfaces; 8.8 Scalability; 8.9 Impact; 8.10 Summary; Acknowledgments; References; Chapter 9. P/FDM Mediator for a Bioinformatics Database Federation; 9.1 Approach; 9.2 Analysis; 9.3 Conclusions; Acknowledgment; References; Chapter 10. Integration Challenges in Gene Expression Data Management; 10.1 Gene Expression Data Management: Background; 10.2 The GeneExpress System; 10.3 Managing Gene Expression Data: Integration Challenges; 10.4 Integrating Third-Party Gene Expression Data in GeneExpress; 10.5 Summary; Acknowledgments; Trademarks</subfield></datafield><datafield ind1='8' ind2=' ' tag='505'><subfield code='a'>References</subfield></datafield><datafield ind1=' ' ind2=' ' tag='520'><subfield code='a'>Life science data integration and interoperability is one of the most challenging problems facing bioinformatics today.  In the current age of the life sciences, investigators have to interpret many types of information from a variety of sources: lab instruments, public databases, gene expression profiles, raw sequence traces, single nucleotide polymorphisms, chemical screening data, proteomic data, putative metabolic pathway models, and many others. Unfortunately, scientists are not currently able to easily identify and access this information because of the variety of semantics, interfaces, </subfield></datafield><datafield ind1=' ' ind2=' ' tag='546'><subfield code='a'>English</subfield></datafield><datafield ind1=' ' ind2=' ' tag='504'><subfield code='a'>Includes bibliographical references and index.</subfield></datafield><datafield ind1=' ' ind2='0' tag='650'><subfield code='a'>Bioinformatics.</subfield></datafield><datafield ind1=' ' ind2='4' tag='655'><subfield code='a'>Electronic books.</subfield></datafield><datafield ind1='1' ind2=' ' tag='700'><subfield code='a'>Lacroix, Zoé.</subfield></datafield><datafield ind1='1' ind2=' ' tag='700'><subfield code='a'>Critchlow, Terence.</subfield></datafield><datafield ind1=' ' ind2=' ' tag='776'><subfield code='z'>1-55860-829-X</subfield></datafield><datafield ind1=' ' ind2='4' tag='830'><subfield code='a'>The Morgan Kaufmann Series in Multimedia Information and Systems</subfield></datafield><datafield ind1=' ' ind2=' ' tag='906'><subfield code='a'>BOOK</subfield></datafield><datafield ind1=' ' ind2=' ' tag='PRT'><subfield code='a'>53420563270003811</subfield><subfield code='b'>https://sandbox01-na.alma.exlibrisgroup.com/view/uresolver/01TULI_INST/openurl?u.ignore_date_coverage=true&amp;rft.mms_id=991036743203103811</subfield><subfield code='e'>Ebook Central</subfield><subfield code='c'>Ebook Central Academic Complete</subfield><subfield code='h'>614200000000000002</subfield><subfield code='8'>53420563270003811</subfield></datafield><datafield ind1=' ' ind2=' ' tag='PRT'><subfield code='a'>53393420870003811</subfield><subfield code='b'>https://sandbox01-na.alma.exlibrisgroup.com/view/uresolver/01TULI_INST/openurl?u.ignore_date_coverage=true&amp;rft.mms_id=991036743203103811</subfield><subfield code='e'>EBSCOhost</subfield><subfield code='c'>EBSCOhost Academic eBook Collection (North America)</subfield><subfield code='h'>613640000000000029</subfield><subfield code='8'>53393420870003811</subfield></datafield><datafield ind1=' ' ind2=' ' tag='PRT'><subfield code='a'>53364387950003811</subfield><subfield code='b'>https://sandbox01-na.alma.exlibrisgroup.com/view/uresolver/01TULI_INST/openurl?u.ignore_date_coverage=true&amp;rft.mms_id=991036743203103811</subfield><subfield code='e'>Elsevier ScienceDirect AutoLoad</subfield><subfield code='c'>Elsevier ScienceDirect Books Complete</subfield><subfield code='h'>613840000000000009</subfield><subfield code='8'>53364387950003811</subfield></datafield><datafield ind1=' ' ind2=' ' tag='PRT'><subfield code='a'>53404609340003811</subfield><subfield code='b'>https://sandbox01-na.alma.exlibrisgroup.com/view/uresolver/01TULI_INST/openurl?u.ignore_date_coverage=true&amp;rft.mms_id=991036743203103811</subfield><subfield code='e'>EBSCOhost</subfield><subfield code='c'>eBook EngineeringCore Collection</subfield><subfield code='h'>613790000000001573</subfield><subfield code='8'>53404609340003811</subfield></datafield></record>