
<record xmlns='http://www.loc.gov/MARC21/slim'><leader>06524nam a22010573u 4500</leader><controlfield tag='001'>991036792223603811</controlfield><controlfield tag='005'>20180212023306.0</controlfield><controlfield tag='006'>m        d        </controlfield><controlfield tag='007'>cr -n---------</controlfield><controlfield tag='008'>160905s2001|||||||     s|||||||||||eng|d</controlfield><datafield ind1=' ' ind2=' ' tag='020'><subfield code='a'>0-470-58941-8</subfield></datafield><datafield ind1=' ' ind2=' ' tag='020'><subfield code='a'>9786610366576</subfield></datafield><datafield ind1=' ' ind2=' ' tag='020'><subfield code='a'>0-471-22392-1</subfield></datafield><datafield ind1=' ' ind2=' ' tag='020'><subfield code='a'>1-280-36657-5</subfield></datafield><datafield ind1=' ' ind2=' ' tag='035'><subfield code='a'>(CKB)111056485595826</subfield></datafield><datafield ind1=' ' ind2=' ' tag='035'><subfield code='a'>(EBL)152101</subfield></datafield><datafield ind1=' ' ind2=' ' tag='035'><subfield code='a'>(OCoLC)475871981</subfield></datafield><datafield ind1=' ' ind2=' ' tag='035'><subfield code='a'>(SSID)ssj0000111872</subfield></datafield><datafield ind1=' ' ind2=' ' tag='035'><subfield code='a'>(PQKBManifestationID)11142776</subfield></datafield><datafield ind1=' ' ind2=' ' tag='035'><subfield code='a'>(PQKBTitleCode)TC0000111872</subfield></datafield><datafield ind1=' ' ind2=' ' tag='035'><subfield code='a'>(PQKBWorkID)10081149</subfield></datafield><datafield ind1=' ' ind2=' ' tag='035'><subfield code='a'>(PQKB)10663570</subfield></datafield><datafield ind1=' ' ind2=' ' tag='035'><subfield code='a'>(EXLCZ)99111056485595826</subfield></datafield><datafield ind1=' ' ind2=' ' tag='040'><subfield code='a'>AU-PeEL</subfield><subfield code='b'>eng</subfield><subfield code='c'>AU-PeEL</subfield><subfield code='d'>AU-PeEL</subfield></datafield><datafield ind1=' ' ind2=' ' tag='041'><subfield code='a'>eng</subfield></datafield><datafield ind1=' ' ind2='4' tag='050'><subfield code='a'>QP620 -- .B565 2001eb</subfield></datafield><datafield ind1='0' ind2='0' tag='082'><subfield code='a'>572.8633</subfield><subfield code='a'>572.86330285</subfield></datafield><datafield ind1='1' ind2=' ' tag='100'><subfield code='a'>Baxevanis, Andreas D.</subfield></datafield><datafield ind1='1' ind2='0' tag='245'><subfield code='a'>Bioinformatics</subfield><subfield code='h'>[electronic resource] :</subfield><subfield code='b'>a Practical Guide to the Analysis of Genes and Proteins</subfield></datafield><datafield ind1=' ' ind2=' ' tag='246'><subfield code='a'>Methods of Biochemical Analysis</subfield></datafield><datafield ind1=' ' ind2=' ' tag='246'><subfield code='a'>Methods of biochemical analysis.</subfield></datafield><datafield ind1=' ' ind2=' ' tag='246'><subfield code='a'>Bioinformatics: A Practical Guide to the Analysisof Genes and Proteins, Second Edition</subfield></datafield><datafield ind1=' ' ind2=' ' tag='246'><subfield code='a'>Bioinformatics : a practical guide to the analysis of genes and proteins, Volume 43, 2nd edition</subfield></datafield><datafield ind1=' ' ind2=' ' tag='250'><subfield code='a'>2nd ed.</subfield></datafield><datafield ind1=' ' ind2=' ' tag='260'><subfield code='a'>Hoboken :</subfield><subfield code='b'>Wiley,</subfield><subfield code='c'>2001.</subfield></datafield><datafield ind1=' ' ind2=' ' tag='300'><subfield code='a'>1 online resource (506 p.)</subfield></datafield><datafield ind1=' ' ind2=' ' tag='336'><subfield code='a'>text</subfield><subfield code='b'>txt</subfield></datafield><datafield ind1=' ' ind2=' ' tag='337'><subfield code='a'>computer</subfield><subfield code='b'>c</subfield></datafield><datafield ind1=' ' ind2=' ' tag='338'><subfield code='a'>online resource</subfield><subfield code='b'>cr</subfield></datafield><datafield ind1='1' ind2=' ' tag='490'><subfield code='a'>Methods of Biochemical Analysis ;</subfield><subfield code='v'>v.43</subfield></datafield><datafield ind1=' ' ind2=' ' tag='500'><subfield code='a'>Description based upon print version of record.</subfield></datafield><datafield ind1='0' ind2=' ' tag='505'><subfield code='a'>BIOINFORMATICS SECOND EDITION; CONTENTS; Foreword; Preface; Contributors; 1 BIOINFORMATICS AND THE INTERNET; Internet Basics; Connecting to the Internet; Electronic Mail; File Transfer Protocol; The World Wide Web; Internet Resources for Topics Presented in Chapter 1; References; 2 THE NCBI DATA MODEL; Introduction; PUBs: Publications or Perish; SEQ-Ids: What&apos;s in a Name?; BIOSEQs: Sequences; BIOSEQ-SETs: Collections of Sequences; SEQ-ANNOT: Annotating the Sequence; SEQ-DESCR: Describing the Sequence; Using the Model; Conclusions; References; 3 THE GENBANK SEQUENCE DATABASE; Introduction</subfield></datafield><datafield ind1='8' ind2=' ' tag='505'><subfield code='a'>Primary and Secondary DatabasesFormat vs. Content: Computers vs. Humans; The Database; The GenBank Flatfile: A Dissection; Concluding Remarks; Internet Resources for Topics Presented in Chapter 3; References; Appendices; Appendix 3.1 Example of GenBank Flatfile Format; Appendix 3.2 Example of EMBL Flatfile Format; Appendix 3.3 Example of a Record in CON Division; 4 SUBMITTING DNA SEQUENCES TO THE DATABASES; Introduction; Why, Where, and What to Submit?; DNA/RNA; Population, Phylogenetic, and Mutation Studies; Protein-Only Submissions; How to Submit on the World Wide Web</subfield></datafield><datafield ind1='8' ind2=' ' tag='505'><subfield code='a'>How to Submit with SequinUpdates; Consequences of the Data Model; EST/STS/GSS/HTG/SNP and Genome Centers; Concluding Remarks; Contact Points for Submission of Sequence Data to DDBJ/EMBL/GenBank; Internet Resources for Topics Presented in Chapter 4; References; 5 STRUCTURE DATABASES; Introduction to Structures; PDB: Protein Data Bank at the Research Collaboratory for Structural Bioinformatics (RCSB); MMDB: Molecular Modeling Database at NCBI; Stucture File Formats; Visualizing Structural Information; Database Structure Viewers; Advanced Structure Modeling; Structure Similarity Searching</subfield></datafield><datafield ind1='8' ind2=' ' tag='505'><subfield code='a'>Internet Resources for Topics Presented in Chapter 5Problem Set; References; 6 GENOMIC MAPPING AND MAPPING DATABASES; Interplay of Mapping and Sequencing; Genomic Map Elements; Types of Maps; Complexities and Pitfalls of Mapping; Data Repositories; Mapping Projects and Associated Resources; Practical Uses of Mapping Resources; Internet Resources for Topics Presented in Chapter 6; Problem Set; References; 7 INFORMATION RETRIEVAL FROM BIOLOGICAL DATABASES; Integrated Information Retrieval: The Entrez System; LocusLink; Sequence Databases Beyond NCBI; Medical Databases</subfield></datafield><datafield ind1='8' ind2=' ' tag='505'><subfield code='a'>Internet Resources for Topics Presented in Chapter 7Problem Set; References; 8 SEQUENCE ALIGNMENT AND DATABASE SEARCHING; Introduction; The Evolutionary Basis of Sequence Alignment; The Modular Nature of Proteins; Optimal Alignment Methods; Substitution Scores and Gap Penalties; Statistical Significance of Alignments; Database Similarity Searching; FASTA; BLAST; Database Searching Artifacts; Position-Specific Scoring Matrices; Spliced Alignments; Conclusions; Internet Resources for Topics Presented in Chapter 8; References; 9 CREATION AND ANALYSIS OF PROTEIN MULTIPLE SEQUENCE ALIGNMENTS</subfield></datafield><datafield ind1='8' ind2=' ' tag='505'><subfield code='a'>Introduction</subfield></datafield><datafield ind1=' ' ind2=' ' tag='520'><subfield code='a'>&quot;&quot;A useful introduction to biologists, with a particularly strong introduction to the tools available from the NCBI.&quot;&quot;&lt;br /&gt; -Russ B. Altman, MD, PhD, Stanford University Medical Center</subfield></datafield><datafield ind1=' ' ind2=' ' tag='546'><subfield code='a'>English</subfield></datafield><datafield ind1=' ' ind2='4' tag='650'><subfield code='a'>Amino acid sequence -- Databases.</subfield></datafield><datafield ind1=' ' ind2='4' tag='650'><subfield code='a'>Electronic books. -- local.</subfield></datafield><datafield ind1=' ' ind2='4' tag='650'><subfield code='a'>Genes -- Analysis -- Data processing.</subfield></datafield><datafield ind1=' ' ind2='4' tag='650'><subfield code='a'>Proteins -- Analysis -- Data processing.</subfield></datafield><datafield ind1=' ' ind2='0' tag='655'><subfield code='a'>Electronic books.</subfield></datafield><datafield ind1=' ' ind2='2' tag='650'><subfield code='a'>Genetic Techniques</subfield></datafield><datafield ind1=' ' ind2='2' tag='650'><subfield code='a'>Genetic Structures</subfield></datafield><datafield ind1=' ' ind2='2' tag='650'><subfield code='a'>Molecular Sequence Data</subfield></datafield><datafield ind1=' ' ind2='2' tag='650'><subfield code='a'>Databases as Topic</subfield></datafield><datafield ind1=' ' ind2='2' tag='650'><subfield code='a'>Biology</subfield></datafield><datafield ind1=' ' ind2='2' tag='650'><subfield code='a'>Molecular Structure</subfield></datafield><datafield ind1=' ' ind2='2' tag='650'><subfield code='a'>Amino Acids, Peptides, and Proteins</subfield></datafield><datafield ind1=' ' ind2='2' tag='650'><subfield code='a'>Biochemical Phenomena</subfield></datafield><datafield ind1=' ' ind2='2' tag='650'><subfield code='a'>Chemicals and Drugs</subfield></datafield><datafield ind1=' ' ind2='2' tag='650'><subfield code='a'>Information Systems</subfield></datafield><datafield ind1=' ' ind2='2' tag='650'><subfield code='a'>Biological Science Disciplines</subfield></datafield><datafield ind1=' ' ind2='2' tag='650'><subfield code='a'>Information Storage and Retrieval</subfield></datafield><datafield ind1=' ' ind2='2' tag='650'><subfield code='a'>Documentation</subfield></datafield><datafield ind1=' ' ind2='2' tag='650'><subfield code='a'>Investigative Techniques</subfield></datafield><datafield ind1=' ' ind2='2' tag='650'><subfield code='a'>Genetic Phenomena</subfield></datafield><datafield ind1=' ' ind2='2' tag='650'><subfield code='a'>Phenomena and Processes</subfield></datafield><datafield ind1=' ' ind2='2' tag='650'><subfield code='a'>Analytical, Diagnostic and Therapeutic Techniques and Equipment</subfield></datafield><datafield ind1=' ' ind2='2' tag='650'><subfield code='a'>Chemical Phenomena</subfield></datafield><datafield ind1=' ' ind2='2' tag='650'><subfield code='a'>Natural Science Disciplines</subfield></datafield><datafield ind1=' ' ind2='2' tag='650'><subfield code='a'>Medical Informatics Applications</subfield></datafield><datafield ind1=' ' ind2='2' tag='650'><subfield code='a'>Information Science</subfield></datafield><datafield ind1=' ' ind2='2' tag='650'><subfield code='a'>Information Services</subfield></datafield><datafield ind1=' ' ind2='2' tag='650'><subfield code='a'>Medical Informatics</subfield></datafield><datafield ind1=' ' ind2='2' tag='650'><subfield code='a'>Disciplines and Occupations</subfield></datafield><datafield ind1=' ' ind2='2' tag='650'><subfield code='a'>Proteins</subfield></datafield><datafield ind1=' ' ind2='2' tag='650'><subfield code='a'>Sequence Analysis</subfield></datafield><datafield ind1=' ' ind2='2' tag='650'><subfield code='a'>Base Sequence</subfield></datafield><datafield ind1=' ' ind2='2' tag='650'><subfield code='a'>Databases, Factual</subfield></datafield><datafield ind1=' ' ind2='2' tag='650'><subfield code='a'>Computational Biology</subfield></datafield><datafield ind1=' ' ind2='2' tag='650'><subfield code='a'>Amino Acid Sequence</subfield></datafield><datafield ind1=' ' ind2='7' tag='650'><subfield code='a'>Human Anatomy &amp; Physiology</subfield><subfield code='2'>HILCC</subfield></datafield><datafield ind1=' ' ind2='7' tag='650'><subfield code='a'>Health &amp; Biological Sciences</subfield><subfield code='2'>HILCC</subfield></datafield><datafield ind1=' ' ind2='7' tag='650'><subfield code='a'>Animal Biochemistry</subfield><subfield code='2'>HILCC</subfield></datafield><datafield ind1='1' ind2=' ' tag='700'><subfield code='a'>Ouellette, B. F. Francis.</subfield></datafield><datafield ind1=' ' ind2=' ' tag='776'><subfield code='z'>0-471-38390-2</subfield></datafield><datafield ind1=' ' ind2=' ' tag='776'><subfield code='z'>0-471-46101-6</subfield></datafield><datafield ind1=' ' ind2='0' tag='830'><subfield code='a'>Methods of Biochemical Analysis</subfield></datafield><datafield ind1=' ' ind2=' ' tag='906'><subfield code='a'>BOOK</subfield></datafield><datafield ind1=' ' ind2=' ' tag='ADM'><subfield code='b'>2018-02-13 11:02:09</subfield><subfield code='e'>99111056485595826</subfield><subfield code='d'>NON_SFX</subfield><subfield code='f'>20160803134623.0</subfield><subfield code='a'>2012-02-25 23:17:09</subfield><subfield code='c'>false</subfield></datafield><datafield ind1=' ' ind2=' ' tag='PRT'><subfield code='a'>53363219920003811</subfield><subfield code='b'>https://sandbox01-na.alma.exlibrisgroup.com/view/uresolver/01TULI_INST/openurl?u.ignore_date_coverage=true&amp;rft.mms_id=991036792223603811</subfield><subfield code='e'>Wiley Online Library</subfield><subfield code='9'>Available</subfield><subfield code='c'>Wiley Online Library UBCM all Online Books</subfield><subfield code='h'>613800000000000218</subfield><subfield code='8'>53363219920003811</subfield></datafield></record>