
<record xmlns='http://www.loc.gov/MARC21/slim'><leader>02452cam a2200373 a 4500</leader><controlfield tag='005'>20170825173126.0</controlfield><controlfield tag='008'>090615s2009    enka     b    001 0 eng d</controlfield><controlfield tag='001'>991036700239703811</controlfield><datafield ind1=' ' ind2=' ' tag='020'><subfield code='a'>9781842655399</subfield></datafield><datafield ind1=' ' ind2=' ' tag='020'><subfield code='a'>1842655396</subfield></datafield><datafield ind1=' ' ind2=' ' tag='035'><subfield code='a'>(PPT)b41602031-01tuli_inst</subfield></datafield><datafield ind1=' ' ind2=' ' tag='035'><subfield code='a'>(OCoLC)ocn683209540</subfield><subfield code='9'>ExL</subfield></datafield><datafield ind1=' ' ind2=' ' tag='035'><subfield code='a'>(OCoLC)401167967</subfield></datafield><datafield ind1=' ' ind2=' ' tag='035'><subfield code='a'>ocn401167967</subfield></datafield><datafield ind1=' ' ind2=' ' tag='035'><subfield code='a'>(OCLC)ocn401167967</subfield></datafield><datafield ind1=' ' ind2=' ' tag='040'><subfield code='a'>BTCTA</subfield><subfield code='c'>BTCTA</subfield><subfield code='d'>BWK</subfield><subfield code='d'>UUM</subfield><subfield code='d'>MUU</subfield><subfield code='d'>UBY</subfield><subfield code='d'>UKM</subfield><subfield code='d'>CUY</subfield><subfield code='d'>YDXCP</subfield><subfield code='d'>PPT</subfield></datafield><datafield ind1=' ' ind2=' ' tag='079'><subfield code='a'>ocn401167967</subfield></datafield><datafield ind1=' ' ind2=' ' tag='090'><subfield code='a'>QH324.2</subfield><subfield code='b'>.R7 2009</subfield></datafield><datafield ind1='1' ind2=' ' tag='100'><subfield code='a'>Roy, Darbeshwar.</subfield></datafield><datafield ind1='1' ind2='0' tag='245'><subfield code='a'>Bioinformatics /</subfield><subfield code='c'>Darbeshwar Roy.</subfield></datafield><datafield ind1=' ' ind2=' ' tag='260'><subfield code='a'>Oxford, U.K. :</subfield><subfield code='b'>Alpha Science International,</subfield><subfield code='c'>c2009.</subfield></datafield><datafield ind1=' ' ind2=' ' tag='300'><subfield code='a'>1 v. (various pagings) :</subfield><subfield code='b'>ill. ;</subfield><subfield code='c'>25 cm.</subfield></datafield><datafield ind1='1' ind2=' ' tag='490'><subfield code='a'>Cytogenetics, biotechnology and bioinformatics series</subfield></datafield><datafield ind1='0' ind2=' ' tag='505'><subfield code='a'>Bioinformatics and its applications -- Databases -- Data mining -- Analysis of nucleotide sequences -- Analysis of protein sequences -- Polymorphism and phylogenetic inference -- Tools and software packages.</subfield></datafield><datafield ind1=' ' ind2=' ' tag='520'><subfield code='a'>&quot;Bioinformatics provides in depth coverage of the principles and applications of bioinformatic analyses of nucleic acid and protein sequences, databases and data mining. Dynamic programming algorithms of Needleman-Wunsch and Smith-Waterman, amino acid exchange matrices such as Dayhoff PAM series matrices and BLOSSUM series matrices and DOT matrix are discussed in detail along with pair-wise sequence alignment tools such as BLAST, FASTA and their variants, multiple sequence alignment tools such as CLUSTAL-W, CLUSTAL-X, SAGA, and progressive alignment and profile alignment. The book describes methods of detection and prediction of genes, ORFs, promoters, motifs, mRNA, tRNA, miRNA, their structure and function and protein structure and function using ab initio HMM and Neural Networks. Software programs like GeneID, Genescan, Genie, GeneModeler, GRAIL and GeneMARK for gene detection and visual mining tools available are discussed while Gene Ontology (GO) and use of sequence information for phylogenetic inferences are illustrated.&quot;--Publisher&apos;s description.</subfield></datafield><datafield ind1=' ' ind2=' ' tag='504'><subfield code='a'>Includes bibliographical references and index.</subfield></datafield><datafield ind1=' ' ind2='0' tag='650'><subfield code='a'>Bioinformatics.</subfield></datafield><datafield ind1=' ' ind2='0' tag='830'><subfield code='a'>Cytogenetics, biotechnology and bioinformatics series.</subfield></datafield><datafield ind1=' ' ind2=' ' tag='902'><subfield code='a'>110512</subfield></datafield><datafield ind1=' ' ind2=' ' tag='907'><subfield code='a'>.b41602031</subfield><subfield code='b'>p    </subfield><subfield code='c'>-</subfield></datafield><datafield ind1=' ' ind2=' ' tag='945'><subfield code='l'>pstk </subfield><subfield code='g'>1</subfield></datafield><datafield ind1=' ' ind2=' ' tag='979'><subfield code='a'>ocn401167967</subfield></datafield><datafield ind1=' ' ind2=' ' tag='998'><subfield code='b'>1</subfield><subfield code='c'>100810</subfield><subfield code='d'>m</subfield><subfield code='e'>a</subfield><subfield code='f'>-</subfield><subfield code='g'>0</subfield></datafield><datafield ind1=' ' ind2=' ' tag='998'><subfield code='a'>08/10/10</subfield><subfield code='s'>OCLC</subfield><subfield code='c'>RM</subfield></datafield><datafield ind1=' ' ind2=' ' tag='ADM'><subfield code='b'>2017-08-25 21:31:26</subfield><subfield code='e'>b41602031-01tuli_inst</subfield><subfield code='d'>ILS</subfield><subfield code='a'>2017-06-20 12:45:49</subfield><subfield code='c'>false</subfield></datafield><datafield ind1='0' ind2=' ' tag='HLD'><subfield code='b'>MAIN</subfield><subfield code='c'>stacks</subfield><subfield code='h'>QH324.2</subfield><subfield code='i'>.R7 2009</subfield><subfield code='8'>22320389240003811</subfield></datafield><datafield ind1=' ' ind2=' ' tag='ITM'><subfield code='r'>22320389240003811</subfield><subfield code='b'>1</subfield><subfield code='h'>0</subfield><subfield code='g'>stacks</subfield><subfield code='t'>BOOK</subfield><subfield code='9'>39074024185860</subfield><subfield code='e'>stacks</subfield><subfield code='8'>23320389230003811</subfield><subfield code='a'>0</subfield><subfield code='q'>2017-06-20 12:45:49</subfield><subfield code='i'>QH324.2 .R7 2009</subfield><subfield code='d'>MAIN</subfield><subfield code='f'>MAIN</subfield></datafield></record>