
<record xmlns='http://www.loc.gov/MARC21/slim'><leader>01348cam a2200397 a 4500</leader><controlfield tag='005'>20170825232717.0</controlfield><controlfield tag='008'>080205s2009    maua     b    001 0 eng  </controlfield><controlfield tag='001'>991032326629703811</controlfield><datafield ind1=' ' ind2=' ' tag='010'><subfield code='a'>2008004080</subfield></datafield><datafield ind1=' ' ind2=' ' tag='020'><subfield code='a'>9780073133645 (hbk. : alk. paper)</subfield></datafield><datafield ind1=' ' ind2=' ' tag='020'><subfield code='a'>0073133647 (hbk. : alk. paper)</subfield></datafield><datafield ind1=' ' ind2=' ' tag='035'><subfield code='a'>(PPT)b36834968-01tuli_inst</subfield></datafield><datafield ind1=' ' ind2=' ' tag='035'><subfield code='a'>(DLC)ocn492537882</subfield><subfield code='9'>ExL</subfield></datafield><datafield ind1=' ' ind2=' ' tag='035'><subfield code='a'>(OCoLC)191898129</subfield><subfield code='z'>(OCoLC)184827978</subfield></datafield><datafield ind1=' ' ind2=' ' tag='035'><subfield code='a'>ocn191898129</subfield></datafield><datafield ind1=' ' ind2=' ' tag='035'><subfield code='a'>(OCLC)ocn191898129</subfield></datafield><datafield ind1=' ' ind2=' ' tag='040'><subfield code='a'>DLC</subfield><subfield code='c'>DLC</subfield><subfield code='d'>DLC</subfield></datafield><datafield ind1=' ' ind2=' ' tag='079'><subfield code='a'>ocn191898129</subfield></datafield><datafield ind1=' ' ind2=' ' tag='090'><subfield code='a'>QH324.2</subfield><subfield code='b'>.B546 2009</subfield></datafield><datafield ind1='0' ind2='0' tag='245'><subfield code='a'>Bioinformatics :</subfield><subfield code='b'>a computing perspective /</subfield><subfield code='c'>Shuba Gopal ... [et al.].</subfield></datafield><datafield ind1=' ' ind2=' ' tag='260'><subfield code='a'>Boston :</subfield><subfield code='b'>McGraw-Hill Higher Education,</subfield><subfield code='c'>c2009.</subfield></datafield><datafield ind1=' ' ind2=' ' tag='300'><subfield code='a'>xiv, 460 p. :</subfield><subfield code='b'>ill. ;</subfield><subfield code='c'>24 cm.</subfield></datafield><datafield ind1=' ' ind2=' ' tag='504'><subfield code='a'>Includes bibliographical references and index.</subfield></datafield><datafield ind1=' ' ind2='0' tag='650'><subfield code='a'>Bioinformatics.</subfield></datafield><datafield ind1='1' ind2=' ' tag='700'><subfield code='a'>Gopal, Shuba.</subfield></datafield><datafield ind1='4' ind2='2' tag='856'><subfield code='3'>Publisher description</subfield><subfield code='u'>http://www.loc.gov/catdir/enhancements/fy0810/2008004080-d.html</subfield></datafield><datafield ind1='4' ind2='1' tag='856'><subfield code='3'>Table of contents only</subfield><subfield code='u'>http://www.loc.gov/catdir/enhancements/fy0810/2008004080-t.html</subfield></datafield><datafield ind1=' ' ind2=' ' tag='901'><subfield code='a'>BNA</subfield></datafield><datafield ind1=' ' ind2=' ' tag='901'><subfield code='a'>R1734434</subfield></datafield><datafield ind1=' ' ind2=' ' tag='902'><subfield code='a'>151113</subfield></datafield><datafield ind1=' ' ind2=' ' tag='902'><subfield code='a'>081218AF7001</subfield></datafield><datafield ind1=' ' ind2=' ' tag='907'><subfield code='a'>.b36834968</subfield><subfield code='b'>p    </subfield><subfield code='c'>-</subfield></datafield><datafield ind1=' ' ind2=' ' tag='945'><subfield code='l'>pstk </subfield><subfield code='g'>1</subfield></datafield><datafield ind1=' ' ind2=' ' tag='979'><subfield code='a'>ocn191898129</subfield></datafield><datafield ind1=' ' ind2=' ' tag='998'><subfield code='b'>1</subfield><subfield code='c'>090113</subfield><subfield code='d'>m</subfield><subfield code='e'>a</subfield><subfield code='f'>-</subfield><subfield code='g'>0</subfield></datafield><datafield ind1=' ' ind2=' ' tag='998'><subfield code='b'>1</subfield><subfield code='c'>090113</subfield><subfield code='d'>m</subfield><subfield code='e'>a</subfield><subfield code='f'>-</subfield><subfield code='g'>0</subfield></datafield><datafield ind1=' ' ind2=' ' tag='ADM'><subfield code='b'>2017-08-26 03:27:17</subfield><subfield code='e'>b36834968-01tuli_inst</subfield><subfield code='d'>ILS</subfield><subfield code='a'>2017-06-20 06:42:24</subfield><subfield code='c'>false</subfield></datafield><datafield ind1='0' ind2=' ' tag='HLD'><subfield code='b'>MAIN</subfield><subfield code='c'>stacks</subfield><subfield code='h'>QH324.2</subfield><subfield code='i'>.B546 2009</subfield><subfield code='8'>22253007330003811</subfield></datafield><datafield ind1=' ' ind2=' ' tag='ITM'><subfield code='r'>22253007330003811</subfield><subfield code='b'>1</subfield><subfield code='h'>0</subfield><subfield code='g'>stacks</subfield><subfield code='t'>BOOK</subfield><subfield code='9'>39074025303413</subfield><subfield code='e'>stacks</subfield><subfield code='8'>23253007310003811</subfield><subfield code='a'>0</subfield><subfield code='q'>2017-06-20 06:42:24</subfield><subfield code='i'>QH324.2 .B546 2009</subfield><subfield code='d'>MAIN</subfield><subfield code='f'>MAIN</subfield></datafield></record>