
<record xmlns='http://www.loc.gov/MARC21/slim'><leader>02254cam a2200397 a 4500</leader><controlfield tag='005'>20080204022858.0</controlfield><controlfield tag='006'>m        d        </controlfield><controlfield tag='007'>cr |||||||||||</controlfield><controlfield tag='008'>070206s2008    flua     b    001 0 eng  </controlfield><controlfield tag='001'>991026172519703811</controlfield><datafield ind1=' ' ind2=' ' tag='010'><subfield code='a'>2007004464</subfield></datafield><datafield ind1=' ' ind2=' ' tag='020'><subfield code='a'>9781584888109 (alk. paper)</subfield></datafield><datafield ind1=' ' ind2=' ' tag='020'><subfield code='a'>1584888105 (alk. paper)</subfield></datafield><datafield ind1=' ' ind2=' ' tag='020'><subfield code='a'>1584888113</subfield></datafield><datafield ind1=' ' ind2=' ' tag='020'><subfield code='a'>9781584888116</subfield></datafield><datafield ind1=' ' ind2=' ' tag='035'><subfield code='a'>(PPT)b33261635-01tuli_inst</subfield></datafield><datafield ind1=' ' ind2=' ' tag='035'><subfield code='a'>(OCoLC)82472143</subfield><subfield code='z'>(OCoLC)173807834</subfield></datafield><datafield ind1=' ' ind2=' ' tag='040'><subfield code='a'>DLC</subfield><subfield code='c'>DLC</subfield><subfield code='d'>BAKER</subfield><subfield code='d'>BTCTA</subfield><subfield code='d'>C#P</subfield><subfield code='d'>UKM</subfield><subfield code='d'>YDXCP</subfield><subfield code='d'>UAF</subfield><subfield code='d'>SOI</subfield><subfield code='d'>TMY</subfield></datafield><datafield ind1=' ' ind2=' ' tag='049'><subfield code='a'>TMYM</subfield></datafield><datafield ind1='0' ind2='0' tag='050'><subfield code='a'>QH324.2</subfield><subfield code='b'>.Y42 2008</subfield></datafield><datafield ind1=' ' ind2=' ' tag='096'><subfield code='a'>QU 58 </subfield><subfield code='b'>Y37 2008</subfield></datafield><datafield ind1='1' ind2=' ' tag='100'><subfield code='a'>Ye, Shui Qing,</subfield><subfield code='d'>1954-</subfield></datafield><datafield ind1='1' ind2='0' tag='245'><subfield code='a'>Bioinformatics :</subfield><subfield code='b'>a practical approach /</subfield><subfield code='c'>Shui Qing Ye.</subfield></datafield><datafield ind1=' ' ind2=' ' tag='260'><subfield code='a'>Boca Raton :</subfield><subfield code='b'>Chapman &amp; Hall/CRC,</subfield><subfield code='c'>c2008.</subfield></datafield><datafield ind1=' ' ind2=' ' tag='300'><subfield code='a'>xxvi, 618 p. :</subfield><subfield code='b'>ill. ;</subfield><subfield code='c'>25 cm.</subfield></datafield><datafield ind1='1' ind2=' ' tag='490'><subfield code='a'>Chapman &amp; Hall/CRC mathematical and computational biology series</subfield></datafield><datafield ind1=' ' ind2=' ' tag='504'><subfield code='a'>Includes bibliographical references and index.</subfield></datafield><datafield ind1='0' ind2=' ' tag='505'><subfield code='a'>Genome analysis / Shwu-Fan Ma -- Two common DNA analysis tools / Blanca Camoretti-Mercado -- Phylogenetic analysis / Shui Qing Ye -- SNP and haplotype analyses / Shui Qing Ye -- Gene expression profiling by microarray / Claudia C. dos Santos, Mingyao Liu -- Gene expression profiling by SAGE / Renu Tuteja -- Regulation of gene expression / Xiao-Lian Zhang, Fang Zheng -- MicroRNoma genomewide profiling by microarray / Chang-gong Liu, Xiuping Liu, George Adrian Calin -- RNAi / Li Qin Zhang -- Proteomic data analysis / Yurong Guo ... [et. al] -- Protein sequence analysis / Jun Wada, Hiroko Tada, Masaharu Seno -- Protein function analysis / Lydie Lane, Yum Lina Yip, Brigitte Boeckmann -- Functional annotation of proteins in murine models / Shui Qing Ye -- Application of programming languages in biology / Hongfang Liu -- Web site and database design / Jerry M. Wright -- Microsoft Excel and Access / Dmitry N. Grigoryev.</subfield></datafield><datafield ind1=' ' ind2='0' tag='650'><subfield code='a'>Bioinformatics.</subfield></datafield><datafield ind1=' ' ind2='0' tag='830'><subfield code='a'>Chapman and Hall/CRC mathematical &amp; computational biology series.</subfield></datafield><datafield ind1='4' ind2='1' tag='856'><subfield code='3'>Table of contents only</subfield><subfield code='u'>http://www.loc.gov/catdir/toc/ecip0710/2007004464.html</subfield></datafield><datafield ind1=' ' ind2=' ' tag='907'><subfield code='a'>.b33261635</subfield><subfield code='b'>hk   </subfield><subfield code='c'>-</subfield></datafield><datafield ind1=' ' ind2=' ' tag='902'><subfield code='a'>161004</subfield></datafield><datafield ind1=' ' ind2=' ' tag='998'><subfield code='b'>1</subfield><subfield code='c'>080211</subfield><subfield code='d'>m</subfield><subfield code='e'>a</subfield><subfield code='f'>-</subfield><subfield code='g'>0</subfield></datafield><datafield ind1=' ' ind2=' ' tag='998'><subfield code='b'>1</subfield><subfield code='c'>080211</subfield><subfield code='d'>m</subfield><subfield code='e'>a</subfield><subfield code='f'>-</subfield><subfield code='g'>0</subfield></datafield><datafield ind1=' ' ind2=' ' tag='945'><subfield code='l'>hkbst</subfield><subfield code='g'>1</subfield></datafield><datafield ind1=' ' ind2=' ' tag='ADM'><subfield code='b'>2017-12-22 10:43:35</subfield><subfield code='e'>b33261635-01tuli_inst</subfield><subfield code='d'>ILS</subfield><subfield code='a'>2017-06-20 08:57:33</subfield><subfield code='c'>false</subfield></datafield><datafield ind1='2' ind2=' ' tag='HLD'><subfield code='b'>GINSBURG</subfield><subfield code='c'>stacks</subfield><subfield code='h'>QU 58</subfield><subfield code='i'>Y37 2008</subfield><subfield code='8'>22288896990003811</subfield></datafield><datafield ind1=' ' ind2=' ' tag='ITM'><subfield code='r'>22288896990003811</subfield><subfield code='b'>1</subfield><subfield code='h'>2</subfield><subfield code='g'>stacks</subfield><subfield code='t'>ELEC</subfield><subfield code='9'>39074500391099</subfield><subfield code='e'>stacks</subfield><subfield code='8'>23288896970003811</subfield><subfield code='a'>0</subfield><subfield code='q'>2017-06-20 08:57:33</subfield><subfield code='i'>QU 58 Y37 2008</subfield><subfield code='d'>GINSBURG</subfield><subfield code='f'>GINSBURG</subfield></datafield></record>