
<record xmlns='http://www.loc.gov/MARC21/slim'><leader>02458cam a2200469Ia 4500</leader><controlfield tag='005'>20180125111911.0</controlfield><controlfield tag='006'>m     o  d        </controlfield><controlfield tag='007'>cr cn|||||||||</controlfield><controlfield tag='008'>071221s2007    gw a    ob    001 0 eng d</controlfield><controlfield tag='001'>991020255779703811</controlfield><datafield ind1=' ' ind2=' ' tag='020'><subfield code='a'>9783540690221</subfield></datafield><datafield ind1=' ' ind2=' ' tag='020'><subfield code='a'>3540690220</subfield></datafield><datafield ind1=' ' ind2=' ' tag='020'><subfield code='a'>3540241663 (acid-free paper)</subfield></datafield><datafield ind1=' ' ind2=' ' tag='020'><subfield code='a'>9783540241669 (acid-free paper)</subfield></datafield><datafield ind1=' ' ind2=' ' tag='035'><subfield code='a'>(PPT)b49635712-01tuli_inst</subfield></datafield><datafield ind1=' ' ind2=' ' tag='035'><subfield code='a'>(OCoLC)184984916</subfield><subfield code='z'>(OCoLC)229457046</subfield><subfield code='z'>(OCoLC)316695418</subfield><subfield code='z'>(OCoLC)607266173</subfield><subfield code='z'>(OCoLC)613489844</subfield><subfield code='z'>(OCoLC)646748081</subfield><subfield code='z'>(OCoLC)756425961</subfield></datafield><datafield ind1=' ' ind2=' ' tag='037'><subfield code='a'>978-3-540-24166-9</subfield><subfield code='b'>Springer</subfield><subfield code='n'>http://www.springerlink.com</subfield></datafield><datafield ind1=' ' ind2=' ' tag='040'><subfield code='a'>GW5XE</subfield><subfield code='b'>eng</subfield><subfield code='c'>GW5XE</subfield><subfield code='d'>GW5XE</subfield><subfield code='d'>OCLCQ</subfield><subfield code='d'>YNG</subfield><subfield code='d'>UAB</subfield><subfield code='d'>DKU</subfield><subfield code='d'>MNU</subfield><subfield code='d'>E7B</subfield><subfield code='d'>UBC</subfield><subfield code='d'>OCLCQ</subfield><subfield code='d'>A7U</subfield><subfield code='d'>OCLCQ</subfield><subfield code='d'>OCLCF</subfield><subfield code='d'>BEDGE</subfield><subfield code='d'>COO</subfield></datafield><datafield ind1=' ' ind2=' ' tag='049'><subfield code='a'>TEUU</subfield></datafield><datafield ind1=' ' ind2=' ' tag='070'><subfield code='a'>QH324.2</subfield><subfield code='b'>.P66 2007</subfield></datafield><datafield ind1=' ' ind2='7' tag='072'><subfield code='a'>QH</subfield><subfield code='2'>lcco</subfield></datafield><datafield ind1=' ' ind2=' ' tag='090'><subfield code='a'>QH324.2</subfield><subfield code='b'>.P65 2007eb</subfield></datafield><datafield ind1='1' ind2=' ' tag='100'><subfield code='a'>Polanski, Andrzej.</subfield></datafield><datafield ind1='1' ind2='0' tag='245'><subfield code='a'>Bioinformatics</subfield><subfield code='h'>[electronic resource] /</subfield><subfield code='c'>Andrzej Polanski, Marek Kimmel.</subfield></datafield><datafield ind1=' ' ind2=' ' tag='260'><subfield code='a'>Berlin ;</subfield><subfield code='a'>New York :</subfield><subfield code='b'>Springer,</subfield><subfield code='c'>c2007.</subfield></datafield><datafield ind1=' ' ind2=' ' tag='300'><subfield code='a'>1 online resource (xvii, 376 p.) :</subfield><subfield code='b'>ill. (saome col.)</subfield></datafield><datafield ind1=' ' ind2=' ' tag='504'><subfield code='a'>Includes bibliographical references (p. [355]-370) and index.</subfield></datafield><datafield ind1='1' ind2=' ' tag='520'><subfield code='a'>&quot;In this comprehensive textbook, Polanski and Kimmel present mathematical models in bioinformatics and they describe the biological problems that inspire the computer science tools used to handle the enormous data sets involved.&quot; &quot;Overall, this volume is ideally suited for a senior undergraduate or graduate course on bioinformatics, with a strong focus on its mathematical and computer science background.&quot;--Jacket.</subfield></datafield><datafield ind1=' ' ind2=' ' tag='588'><subfield code='a'>Description based on print version record.</subfield></datafield><datafield ind1=' ' ind2=' ' tag='590'><subfield code='a'>Access is available to the Temple Community through use of a networked computer with a Temple IP address.</subfield></datafield><datafield ind1=' ' ind2='0' tag='650'><subfield code='a'>Bioinformatics.</subfield></datafield><datafield ind1=' ' ind2='7' tag='650'><subfield code='a'>Bioinformatics.</subfield><subfield code='2'>fast</subfield><subfield code='0'>(OCoLC)fst00832181</subfield></datafield><datafield ind1=' ' ind2='7' tag='655'><subfield code='a'>Electronic books.</subfield><subfield code='2'>local</subfield></datafield><datafield ind1='1' ind2=' ' tag='700'><subfield code='a'>Kimmel, Marek,</subfield><subfield code='d'>1959-</subfield></datafield><datafield ind1='2' ind2=' ' tag='710'><subfield code='a'>SpringerLink (Online service)</subfield></datafield><datafield ind1='0' ind2='8' tag='776'><subfield code='i'>Print version:</subfield><subfield code='a'>Polanski, Andrzej.</subfield><subfield code='t'>Bioinformatics.</subfield><subfield code='d'>Berlin ; New York : Springer, c2007</subfield><subfield code='z'>9783540241669</subfield><subfield code='z'>3540241663</subfield><subfield code='w'>(DLC)  2007924087</subfield><subfield code='w'>(OCoLC)145397510</subfield></datafield><datafield ind1='4' ind2='0' tag='856'><subfield code='z'>Access full text online.</subfield><subfield code='u'>http://libproxy.temple.edu/login?url=http://link.springer.com/10.1007/978-3-540-69022-1</subfield></datafield><datafield ind1=' ' ind2=' ' tag='902'><subfield code='a'>170601</subfield></datafield><datafield ind1=' ' ind2=' ' tag='902'><subfield code='a'>SpringerLink 2015-09-30</subfield></datafield><datafield ind1=' ' ind2=' ' tag='907'><subfield code='a'>.b49635712</subfield><subfield code='b'>w    </subfield><subfield code='c'>-</subfield></datafield><datafield ind1=' ' ind2=' ' tag='945'><subfield code='l'>w    </subfield><subfield code='g'>1</subfield></datafield><datafield ind1=' ' ind2=' ' tag='998'><subfield code='b'>0</subfield><subfield code='c'>110925</subfield><subfield code='d'>m</subfield><subfield code='e'>@</subfield><subfield code='f'>-</subfield><subfield code='g'>0</subfield></datafield><datafield ind1=' ' ind2=' ' tag='ADM'><subfield code='b'>2018-01-25 16:19:11</subfield><subfield code='e'>b49635712-01tuli_inst</subfield><subfield code='d'>ILS</subfield><subfield code='a'>2017-06-20 10:59:43</subfield><subfield code='c'>false</subfield></datafield><datafield ind1=' ' ind2=' ' tag='PRT'><subfield code='a'>53376807560003811</subfield><subfield code='b'>https://sandbox01-na.alma.exlibrisgroup.com/view/uresolver/01TULI_INST/openurl?u.ignore_date_coverage=true&amp;rft.mms_id=991020255779703811</subfield><subfield code='f'>Access full text online.</subfield><subfield code='9'>Available</subfield><subfield code='d'>MAIN</subfield><subfield code='c'>SpringerLink Ebooks</subfield><subfield code='8'>53376807560003811</subfield></datafield></record>