
<record xmlns='http://www.loc.gov/MARC21/slim'><leader>00898nam  2200253 a 4500</leader><controlfield tag='001'>991036742366603811</controlfield><controlfield tag='005'>20170816125209.0</controlfield><controlfield tag='006'>m     o  d |      </controlfield><controlfield tag='007'>cr -n---------</controlfield><controlfield tag='008'>101014s2007    ii ad   ob    001 0 eng d</controlfield><datafield ind1=' ' ind2=' ' tag='020'><subfield code='a'>1-282-80197-X</subfield></datafield><datafield ind1=' ' ind2=' ' tag='020'><subfield code='a'>9786612801976</subfield></datafield><datafield ind1=' ' ind2=' ' tag='020'><subfield code='a'>93-5044-112-8</subfield></datafield><datafield ind1=' ' ind2=' ' tag='020'><subfield code='a'>1-4416-6186-7</subfield></datafield><datafield ind1=' ' ind2=' ' tag='020'><subfield code='a'>600-00-2729-X</subfield></datafield><datafield ind1=' ' ind2=' ' tag='035'><subfield code='a'>(CKB)2670000000034876</subfield></datafield><datafield ind1=' ' ind2=' ' tag='035'><subfield code='a'>(EBL)618167</subfield></datafield><datafield ind1=' ' ind2=' ' tag='035'><subfield code='a'>(OCoLC)784881213</subfield></datafield><datafield ind1=' ' ind2=' ' tag='035'><subfield code='a'>(SSID)ssj0000672339</subfield></datafield><datafield ind1=' ' ind2=' ' tag='035'><subfield code='a'>(PQKBManifestationID)11459791</subfield></datafield><datafield ind1=' ' ind2=' ' tag='035'><subfield code='a'>(PQKBTitleCode)TC0000672339</subfield></datafield><datafield ind1=' ' ind2=' ' tag='035'><subfield code='a'>(PQKBWorkID)10635751</subfield></datafield><datafield ind1=' ' ind2=' ' tag='035'><subfield code='a'>(PQKB)11220744</subfield></datafield><datafield ind1=' ' ind2=' ' tag='035'><subfield code='a'>(MiAaPQ)EBC618167</subfield></datafield><datafield ind1=' ' ind2=' ' tag='035'><subfield code='a'>(EXLCZ)992670000000034876</subfield></datafield><datafield ind1=' ' ind2=' ' tag='040'><subfield code='a'>MiAaPQ</subfield><subfield code='c'>MiAaPQ</subfield><subfield code='d'>MiAaPQ</subfield></datafield><datafield ind1=' ' ind2=' ' tag='041'><subfield code='a'>eng</subfield></datafield><datafield ind1=' ' ind2='4' tag='050'><subfield code='a'>QH324.2</subfield><subfield code='b'>.C45 2007</subfield></datafield><datafield ind1='0' ind2='0' tag='082'><subfield code='a'>570</subfield></datafield><datafield ind1='1' ind2=' ' tag='100'><subfield code='a'>Chikhale, N. J.</subfield></datafield><datafield ind1='1' ind2='0' tag='245'><subfield code='a'>Bioinformatics</subfield><subfield code='h'>[electronic resource] :</subfield><subfield code='b'>theory and practice /</subfield><subfield code='c'>N.J. Chikhale, V.S. Gomase.</subfield></datafield><datafield ind1=' ' ind2=' ' tag='250'><subfield code='a'>1st ed.</subfield></datafield><datafield ind1=' ' ind2=' ' tag='260'><subfield code='a'>Mumbai :</subfield><subfield code='b'>Himalaya Pub. House,</subfield><subfield code='c'>2007.</subfield></datafield><datafield ind1=' ' ind2=' ' tag='300'><subfield code='a'>1 online resource (609 p.)</subfield></datafield><datafield ind1=' ' ind2=' ' tag='336'><subfield code='a'>text</subfield><subfield code='b'>txt</subfield></datafield><datafield ind1=' ' ind2=' ' tag='337'><subfield code='a'>computer</subfield><subfield code='b'>c</subfield></datafield><datafield ind1=' ' ind2=' ' tag='338'><subfield code='a'>online resource</subfield><subfield code='b'>cr</subfield></datafield><datafield ind1=' ' ind2=' ' tag='500'><subfield code='a'>Description based upon print version of record.</subfield></datafield><datafield ind1='0' ind2=' ' tag='505'><subfield code='a'>COVER; CONTENTS; CHAPTER 1 : INTRODUCTION TO BIOINFORMATICS; CHAPTER 2 : THE CENTRAL DOGMA OF BIOLOGY; CHAPTER 3 : AMINO ACID INFORMATION; CHAPTER 4 : FUNCTIONAL GENOMICS; CHAPTER 5 : BIOLOGICAL DATABASES AND DATABANKS - I; CHAPTER 6 : BIOLOGICAL DATABASES AND DATABANKS - II; CHAPTER 7 : NAME AND FUNCTION OF DATABASE; CHAPTER 8 : RETRIEVAL OF DATA AND ITS DESCRIPTION; CHAPTER 9 : GENE EXPRESSION ANALYSIS; CHAPTER 10 : MICROARRAY AND GENE EXPRESSION; CHAPTER 11 : PAIRWISE SEQUENCE ALIGNMENTS; CHAPTER 12 : FASTA AND BLAST; CHAPTER 13 : MULTIPLE SEQUENCE ALIGNMENTS</subfield></datafield><datafield ind1='8' ind2=' ' tag='505'><subfield code='a'>CHAPTER 14 : METHODS OF GENE PREDICTIONCHAPTER 15 : RNA SECONDARY STRUCTURE PREDICTION; References; Abbreviations and Acronyms; Glossary; Index</subfield></datafield><datafield ind1=' ' ind2=' ' tag='546'><subfield code='a'>English</subfield></datafield><datafield ind1=' ' ind2=' ' tag='504'><subfield code='a'>Includes bibliographical references (p. 553-561) and index.</subfield></datafield><datafield ind1=' ' ind2='0' tag='650'><subfield code='a'>Bioinformatics.</subfield></datafield><datafield ind1=' ' ind2='4' tag='655'><subfield code='a'>Electronic books.</subfield></datafield><datafield ind1=' ' ind2=' ' tag='776'><subfield code='z'>81-8318-831-1</subfield></datafield><datafield ind1='1' ind2=' ' tag='700'><subfield code='a'>Gomase, V. S.</subfield></datafield><datafield ind1=' ' ind2=' ' tag='906'><subfield code='a'>BOOK</subfield></datafield><datafield ind1=' ' ind2=' ' tag='PRT'><subfield code='a'>53421855370003811</subfield><subfield code='b'>https://sandbox01-na.alma.exlibrisgroup.com/view/uresolver/01TULI_INST/openurl?u.ignore_date_coverage=true&amp;rft.mms_id=991036742366603811</subfield><subfield code='e'>Ebook Central</subfield><subfield code='c'>Ebook Central Academic Complete</subfield><subfield code='h'>614200000000000002</subfield><subfield code='8'>53421855370003811</subfield></datafield></record>