
<record xmlns='http://www.loc.gov/MARC21/slim'><leader>01033cam a2200349 a 4500</leader><controlfield tag='005'>20170825191506.0</controlfield><controlfield tag='008'>040527s2004    mau      b    001 0 eng  </controlfield><controlfield tag='001'>991011226379703811</controlfield><datafield ind1=' ' ind2=' ' tag='010'><subfield code='a'>2004053858</subfield></datafield><datafield ind1=' ' ind2=' ' tag='020'><subfield code='a'>1402021410</subfield></datafield><datafield ind1=' ' ind2=' ' tag='035'><subfield code='a'>(PPT)b29723450-01tuli_inst</subfield></datafield><datafield ind1=' ' ind2=' ' tag='035'><subfield code='a'>ocn490864723</subfield><subfield code='9'>ExL</subfield></datafield><datafield ind1=' ' ind2=' ' tag='035'><subfield code='a'>PPTb29723450</subfield></datafield><datafield ind1=' ' ind2=' ' tag='035'><subfield code='a'>ocm55596926</subfield></datafield><datafield ind1=' ' ind2=' ' tag='035'><subfield code='a'>(OCLC)ocm55596926</subfield></datafield><datafield ind1=' ' ind2=' ' tag='040'><subfield code='a'>DLC</subfield><subfield code='c'>DLC</subfield><subfield code='d'>PPT</subfield></datafield><datafield ind1=' ' ind2=' ' tag='042'><subfield code='a'>pcc</subfield></datafield><datafield ind1=' ' ind2=' ' tag='079'><subfield code='a'>ocm55596926</subfield></datafield><datafield ind1=' ' ind2=' ' tag='090'><subfield code='a'>QH324.2</subfield><subfield code='b'>.R35 2004</subfield></datafield><datafield ind1='1' ind2=' ' tag='100'><subfield code='a'>Ramsden, Jeremy.</subfield></datafield><datafield ind1='1' ind2='0' tag='245'><subfield code='a'>Bioinformatics :</subfield><subfield code='b'>an introduction /</subfield><subfield code='c'>by Jeremy Ramsden.</subfield></datafield><datafield ind1=' ' ind2=' ' tag='260'><subfield code='a'>Boston, Mass. :</subfield><subfield code='b'>Kluwer Academic Publishers,</subfield><subfield code='c'>2004.</subfield></datafield><datafield ind1=' ' ind2=' ' tag='300'><subfield code='a'>xiv, 244 p. :</subfield><subfield code='b'>ill. ;</subfield><subfield code='c'>25 cm.</subfield></datafield><datafield ind1=' ' ind2='0' tag='440'><subfield code='a'>Computational biology ;</subfield><subfield code='v'>v. 3.</subfield></datafield><datafield ind1=' ' ind2=' ' tag='504'><subfield code='a'>Includes bibliographical references (p. 233-239) and index.</subfield></datafield><datafield ind1=' ' ind2='0' tag='650'><subfield code='a'>Bioinformatics.</subfield></datafield><datafield ind1=' ' ind2=' ' tag='902'><subfield code='a'>110512</subfield></datafield><datafield ind1=' ' ind2=' ' tag='907'><subfield code='a'>.b29723450</subfield><subfield code='b'>multi</subfield><subfield code='c'>-</subfield></datafield><datafield ind1=' ' ind2=' ' tag='945'><subfield code='l'>pstk </subfield><subfield code='g'>1</subfield></datafield><datafield ind1=' ' ind2=' ' tag='979'><subfield code='a'>ocm55596926</subfield></datafield><datafield ind1=' ' ind2=' ' tag='998'><subfield code='b'>0</subfield><subfield code='c'>060417</subfield><subfield code='d'>m</subfield><subfield code='e'>a</subfield><subfield code='f'>-</subfield><subfield code='g'>0</subfield></datafield><datafield ind1=' ' ind2=' ' tag='998'><subfield code='a'>04/17/06</subfield><subfield code='s'>CIP</subfield><subfield code='c'>AT</subfield></datafield><datafield ind1=' ' ind2=' ' tag='ADM'><subfield code='b'>2017-08-25 23:15:06</subfield><subfield code='e'>b29723450-01tuli_inst</subfield><subfield code='d'>ILS</subfield><subfield code='a'>2017-06-20 07:18:09</subfield><subfield code='c'>false</subfield></datafield><datafield ind1='0' ind2=' ' tag='HLD'><subfield code='b'>MAIN</subfield><subfield code='c'>stacks</subfield><subfield code='h'>QH324.2</subfield><subfield code='i'>.R35 2004</subfield><subfield code='8'>22264249690003811</subfield></datafield><datafield ind1=' ' ind2=' ' tag='ITM'><subfield code='r'>22264249690003811</subfield><subfield code='b'>1</subfield><subfield code='h'>0</subfield><subfield code='g'>stacks</subfield><subfield code='t'>BOOK</subfield><subfield code='9'>39074018580514</subfield><subfield code='e'>stacks</subfield><subfield code='8'>23264249680003811</subfield><subfield code='a'>0</subfield><subfield code='q'>2017-06-20 07:18:09</subfield><subfield code='i'>QH324.2 .R35 2004</subfield><subfield code='d'>MAIN</subfield><subfield code='f'>MAIN</subfield></datafield></record>