
<record xmlns='http://www.loc.gov/MARC21/slim'><leader>03139nam a22005175i 4500</leader><controlfield tag='001'>991036797652403811</controlfield><controlfield tag='005'>20170816124722.0</controlfield><controlfield tag='006'>m     o  d |      </controlfield><controlfield tag='007'>cr -n---------</controlfield><controlfield tag='008'>100301s2005    gw |    o    |||| 0|eng d</controlfield><datafield ind1=' ' ind2=' ' tag='010'><subfield code='z'>  2004115713</subfield></datafield><datafield ind1=' ' ind2=' ' tag='020'><subfield code='a'>1-280-33784-2</subfield></datafield><datafield ind1=' ' ind2=' ' tag='020'><subfield code='a'>9786610337842</subfield></datafield><datafield ind1=' ' ind2=' ' tag='020'><subfield code='a'>3-540-26888-X</subfield></datafield><datafield ind1='7' ind2=' ' tag='024'><subfield code='a'>10.1007/b138246</subfield><subfield code='2'>doi</subfield></datafield><datafield ind1=' ' ind2=' ' tag='035'><subfield code='a'>(CKB)1000000000230975</subfield></datafield><datafield ind1=' ' ind2=' ' tag='035'><subfield code='a'>(EBL)303885</subfield></datafield><datafield ind1=' ' ind2=' ' tag='035'><subfield code='a'>(OCoLC)62889370</subfield></datafield><datafield ind1=' ' ind2=' ' tag='035'><subfield code='a'>(SSID)ssj0000111897</subfield></datafield><datafield ind1=' ' ind2=' ' tag='035'><subfield code='a'>(PQKBManifestationID)11128803</subfield></datafield><datafield ind1=' ' ind2=' ' tag='035'><subfield code='a'>(PQKBTitleCode)TC0000111897</subfield></datafield><datafield ind1=' ' ind2=' ' tag='035'><subfield code='a'>(PQKBWorkID)10086908</subfield></datafield><datafield ind1=' ' ind2=' ' tag='035'><subfield code='a'>(PQKB)11670686</subfield></datafield><datafield ind1=' ' ind2=' ' tag='035'><subfield code='a'>(DE-He213)978-3-540-26888-8</subfield></datafield><datafield ind1=' ' ind2=' ' tag='035'><subfield code='a'>(MiAaPQ)EBC303885</subfield></datafield><datafield ind1=' ' ind2=' ' tag='035'><subfield code='a'>(EXLCZ)991000000000230975</subfield></datafield><datafield ind1=' ' ind2=' ' tag='040'><subfield code='a'>MiAaPQ</subfield><subfield code='c'>MiAaPQ</subfield><subfield code='d'>MiAaPQ</subfield></datafield><datafield ind1=' ' ind2=' ' tag='041'><subfield code='a'>eng</subfield></datafield><datafield ind1=' ' ind2='4' tag='050'><subfield code='a'>QA76.76.A65</subfield></datafield><datafield ind1=' ' ind2='7' tag='072'><subfield code='a'>UB</subfield><subfield code='2'>bicssc</subfield></datafield><datafield ind1=' ' ind2='7' tag='072'><subfield code='a'>COM018000</subfield><subfield code='2'>bisacsh</subfield></datafield><datafield ind1='0' ind2='0' tag='082'><subfield code='a'>006.33</subfield><subfield code='a'>570.285</subfield></datafield><datafield ind1='1' ind2=' ' tag='100'><subfield code='a'>Chen, Yi-Ping Phoebe.</subfield></datafield><datafield ind1='1' ind2='0' tag='245'><subfield code='a'>Bioinformatics Technologies</subfield><subfield code='h'>[electronic resource] /</subfield><subfield code='c'>edited by Yi-Ping Phoebe Chen.</subfield></datafield><datafield ind1=' ' ind2='1' tag='264'><subfield code='a'>Berlin, Heidelberg :</subfield><subfield code='b'>Springer Berlin Heidelberg,</subfield><subfield code='c'>2005.</subfield></datafield><datafield ind1=' ' ind2=' ' tag='300'><subfield code='a'>1 online resource (409 p.)</subfield></datafield><datafield ind1=' ' ind2=' ' tag='336'><subfield code='a'>text</subfield><subfield code='b'>txt</subfield></datafield><datafield ind1=' ' ind2=' ' tag='337'><subfield code='a'>computer</subfield><subfield code='b'>c</subfield></datafield><datafield ind1=' ' ind2=' ' tag='338'><subfield code='a'>online resource</subfield><subfield code='b'>cr</subfield></datafield><datafield ind1=' ' ind2=' ' tag='347'><subfield code='a'>text file</subfield><subfield code='b'>PDF</subfield><subfield code='2'>rda</subfield></datafield><datafield ind1=' ' ind2=' ' tag='500'><subfield code='a'>Description based upon print version of record.</subfield></datafield><datafield ind1=' ' ind2=' ' tag='546'><subfield code='a'>English</subfield></datafield><datafield ind1=' ' ind2=' ' tag='504'><subfield code='a'>Includes bibliographical references and index.</subfield></datafield><datafield ind1='0' ind2=' ' tag='505'><subfield code='a'>to Bioinformatics -- Overview of Structural Bioinformatics -- Database Warehousing in Bioinformatics -- Data Mining for Bioinformatics -- Machine Learning in Bioinformatics -- Systems Biotechnology: a New Paradigm in Biotechnology Development -- Computational Modeling of Biological Processes with Petri Net-Based Architecture -- Biological Sequence Assembly and Alignment -- Modeling for Bioinformatics -- Pattern Matching for Motifs -- Visualization and Fractal Analysis of Biological Sequences -- Microarray Data Analysis.</subfield></datafield><datafield ind1=' ' ind2=' ' tag='520'><subfield code='a'>Solving modern biological problems requires advanced computational methods. Bioinformatics evolved from the active interaction of two fast-developing disciplines, biology and information technology. The central issue of this emerging field is the transformation of often distributed and unstructured biological data into meaningful information. This book describes the application of well-established concepts and techniques from areas like data mining, machine learning, database technologies, and visualization techniques to problems like protein data analysis, genome analysis and sequence databases. Chen has collected contributions from leading researchers in each area. The chapters can be read independently, as each offers a complete overview of its specific area, or, combined, this monograph is a comprehensive treatment that will appeal to students, researchers, and R&amp;D professionals in industry who need a state-of-the-art introduction into this challenging and exciting young field.</subfield></datafield><datafield ind1=' ' ind2='0' tag='650'><subfield code='a'>Bioinformatics.</subfield></datafield><datafield ind1=' ' ind2='0' tag='650'><subfield code='a'>Bioinformatics</subfield><subfield code='x'>Methodology.</subfield></datafield><datafield ind1=' ' ind2='4' tag='655'><subfield code='a'>Electronic books.</subfield></datafield><datafield ind1=' ' ind2=' ' tag='776'><subfield code='z'>3-642-42202-0</subfield></datafield><datafield ind1=' ' ind2=' ' tag='776'><subfield code='z'>3-540-20873-9</subfield></datafield><datafield ind1='1' ind2=' ' tag='700'><subfield code='a'>Chen, Yi-Ping Phoebe.</subfield><subfield code='e'>editor.</subfield></datafield><datafield ind1=' ' ind2=' ' tag='906'><subfield code='a'>BOOK</subfield></datafield><datafield ind1=' ' ind2=' ' tag='ADM'><subfield code='b'>2018-02-24 11:01:52</subfield><subfield code='e'>991000000000230975</subfield><subfield code='d'>NON_SFX</subfield><subfield code='f'>20151204172607.0</subfield><subfield code='a'>2012-02-25 23:34:14</subfield><subfield code='c'>false</subfield></datafield><datafield ind1=' ' ind2=' ' tag='PRT'><subfield code='a'>53366020650003811</subfield><subfield code='b'>https://sandbox01-na.alma.exlibrisgroup.com/view/uresolver/01TULI_INST/openurl?u.ignore_date_coverage=true&amp;rft.mms_id=991036797652403811</subfield><subfield code='e'>Springer Link</subfield><subfield code='9'>Available</subfield><subfield code='c'>SpringerLink Books Complete</subfield><subfield code='h'>611000000000001381</subfield><subfield code='8'>53366020650003811</subfield></datafield></record>