
<record xmlns='http://www.loc.gov/MARC21/slim'><leader>03235nam a22004335i 4500</leader><controlfield tag='001'>991036798516503811</controlfield><controlfield tag='005'>20170821183747.0</controlfield><controlfield tag='006'>m     o  d |      </controlfield><controlfield tag='007'>cr -n---------</controlfield><controlfield tag='008'>100301s2008    gw |    o    |||| 0|eng d</controlfield><datafield ind1=' ' ind2=' ' tag='010'><subfield code='z'>  2008930485</subfield></datafield><datafield ind1=' ' ind2=' ' tag='020'><subfield code='a'>3-540-78506-X</subfield></datafield><datafield ind1='7' ind2=' ' tag='024'><subfield code='a'>10.1007/978-3-540-78506-4</subfield><subfield code='2'>doi</subfield></datafield><datafield ind1='1' ind2=' ' tag='029'><subfield code='a'>AU@</subfield><subfield code='b'>000043721771</subfield></datafield><datafield ind1='1' ind2=' ' tag='029'><subfield code='a'>NZ1</subfield><subfield code='b'>12507649</subfield></datafield><datafield ind1='1' ind2=' ' tag='029'><subfield code='a'>OHX</subfield><subfield code='b'>har080038973</subfield></datafield><datafield ind1=' ' ind2=' ' tag='035'><subfield code='a'>(CKB)1000000000440835</subfield></datafield><datafield ind1=' ' ind2=' ' tag='035'><subfield code='a'>(EBL)3063999</subfield></datafield><datafield ind1=' ' ind2=' ' tag='035'><subfield code='a'>(SSID)ssj0000768373</subfield></datafield><datafield ind1=' ' ind2=' ' tag='035'><subfield code='a'>(PQKBManifestationID)12303500</subfield></datafield><datafield ind1=' ' ind2=' ' tag='035'><subfield code='a'>(PQKBTitleCode)TC0000768373</subfield></datafield><datafield ind1=' ' ind2=' ' tag='035'><subfield code='a'>(PQKBWorkID)10767772</subfield></datafield><datafield ind1=' ' ind2=' ' tag='035'><subfield code='a'>(PQKB)11758179</subfield></datafield><datafield ind1=' ' ind2=' ' tag='035'><subfield code='a'>(DE-He213)978-3-540-78506-4</subfield></datafield><datafield ind1=' ' ind2=' ' tag='035'><subfield code='a'>(MiAaPQ)EBC3063999</subfield></datafield><datafield ind1=' ' ind2=' ' tag='035'><subfield code='a'>(EXLCZ)991000000000440835</subfield></datafield><datafield ind1=' ' ind2=' ' tag='040'><subfield code='a'>MiAaPQ</subfield><subfield code='c'>MiAaPQ</subfield><subfield code='d'>MiAaPQ</subfield></datafield><datafield ind1=' ' ind2=' ' tag='041'><subfield code='a'>eng</subfield></datafield><datafield ind1=' ' ind2='4' tag='050'><subfield code='a'>QH324.2-324.25</subfield></datafield><datafield ind1=' ' ind2='7' tag='072'><subfield code='a'>PSA</subfield><subfield code='2'>bicssc</subfield></datafield><datafield ind1=' ' ind2='7' tag='072'><subfield code='a'>UB</subfield><subfield code='2'>bicssc</subfield></datafield><datafield ind1=' ' ind2='7' tag='072'><subfield code='a'>COM014000</subfield><subfield code='2'>bisacsh</subfield></datafield><datafield ind1='0' ind2='4' tag='082'><subfield code='a'>570.285</subfield><subfield code='2'>23</subfield></datafield><datafield ind1='1' ind2=' ' tag='100'><subfield code='a'>Sperschneider, Volker.</subfield><subfield code='e'>author.</subfield></datafield><datafield ind1='1' ind2='0' tag='245'><subfield code='a'>Bioinformatics</subfield><subfield code='h'>[electronic resource] :</subfield><subfield code='b'>Problem Solving Paradigms /</subfield><subfield code='c'>by Volker Sperschneider.</subfield></datafield><datafield ind1=' ' ind2='1' tag='264'><subfield code='a'>Berlin, Heidelberg :</subfield><subfield code='b'>Springer Berlin Heidelberg,</subfield><subfield code='c'>2008.</subfield></datafield><datafield ind1=' ' ind2=' ' tag='300'><subfield code='a'>1 online resource (301 p.)</subfield></datafield><datafield ind1=' ' ind2=' ' tag='336'><subfield code='a'>text</subfield><subfield code='b'>txt</subfield></datafield><datafield ind1=' ' ind2=' ' tag='337'><subfield code='a'>computer</subfield><subfield code='b'>c</subfield></datafield><datafield ind1=' ' ind2=' ' tag='338'><subfield code='a'>online resource</subfield><subfield code='b'>cr</subfield></datafield><datafield ind1=' ' ind2=' ' tag='347'><subfield code='a'>text file</subfield><subfield code='b'>PDF</subfield><subfield code='2'>rda</subfield></datafield><datafield ind1=' ' ind2=' ' tag='500'><subfield code='a'>Description based upon print version of record.</subfield></datafield><datafield ind1=' ' ind2=' ' tag='546'><subfield code='a'>English</subfield></datafield><datafield ind1=' ' ind2=' ' tag='504'><subfield code='a'>Includes bibliographical references and index.</subfield></datafield><datafield ind1='0' ind2=' ' tag='505'><subfield code='a'>Core Bioinformatics Problems -- Turning to Algorithmic Problems -- Dynamic Programming -- Intelligent Data Structures -- NP-Hardness of Core Bioinformatics Problems -- Approximation Algorithms -- A Selection of Metaheuristics and Various Projects.</subfield></datafield><datafield ind1=' ' ind2=' ' tag='520'><subfield code='a'>There are fundamental principles for problem analysis and algorithm design that are continuously used in bioinformatics. This book concentrates on a clear presentation of these principles, presenting them in a self-contained, mathematically clear and precise manner, and illustrating them with lots of case studies from main fields of bioinformatics (e.g. sequencing and mapping, string storage and manipulation, pattern matching, alignment, gene identification, genome rearrangement, structure prediction, regulatory networks, pseudoknot detection). Emphasis is laid on algorithmic &quot;pearls&quot; of bioinformatics, showing that things may get rather simple when taking a proper view into them. The book closes with a thorough bibliography, ranging from classic research results to very recent findings, providing many pointers for future research. Overall, this volume is ideally suited for a senior undergraduate or graduate course on bioinformatics, with a strong focus on its mathematical and computer science background. This book highlights basic paradigms of problem analysis and algorithm design in the context of core bioinformatics problems. Mathematically demanding themes are put across to the reader by properly chosen representations with the aid of lots of illustrations. (Prof. Dr. Amitava Datta, UWA, Perth, Australia) Written by a theoretical computer scientist, the book perfectly complements standard textbooks from the point of view of problem solving methods continuously applied in bioinformatics. (Prof. Dr. Georg Fuellen, Univ. Greifswald, Germany).</subfield></datafield><datafield ind1=' ' ind2='0' tag='650'><subfield code='a'>Bioinformatics</subfield><subfield code='x'>Mathematics.</subfield></datafield><datafield ind1=' ' ind2='0' tag='650'><subfield code='a'>Bioinformatics.</subfield></datafield><datafield ind1=' ' ind2='0' tag='650'><subfield code='a'>Computer algorithms.</subfield></datafield><datafield ind1=' ' ind2='4' tag='655'><subfield code='a'>Electronic books.</subfield></datafield><datafield ind1=' ' ind2=' ' tag='776'><subfield code='z'>3-642-09726-X</subfield></datafield><datafield ind1=' ' ind2=' ' tag='776'><subfield code='z'>3-540-78505-1</subfield></datafield><datafield ind1='1' ind2=' ' tag='700'><subfield code='a'>Scheubert, Lena.</subfield></datafield><datafield ind1='1' ind2=' ' tag='700'><subfield code='a'>Sperschneider, Jana.</subfield></datafield><datafield ind1=' ' ind2=' ' tag='906'><subfield code='a'>BOOK</subfield></datafield><datafield ind1=' ' ind2=' ' tag='ADM'><subfield code='b'>2018-02-25 08:00:29</subfield><subfield code='e'>991000000000440835</subfield><subfield code='d'>NON_SFX</subfield><subfield code='f'>20151123195110.0</subfield><subfield code='a'>2012-02-25 23:35:25</subfield><subfield code='c'>false</subfield></datafield><datafield ind1=' ' ind2=' ' tag='PRT'><subfield code='a'>53366211130003811</subfield><subfield code='b'>https://sandbox01-na.alma.exlibrisgroup.com/view/uresolver/01TULI_INST/openurl?u.ignore_date_coverage=true&amp;rft.mms_id=991036798516503811</subfield><subfield code='e'>Springer Link</subfield><subfield code='9'>Available</subfield><subfield code='c'>SpringerLink Books Complete</subfield><subfield code='h'>611000000000001381</subfield><subfield code='8'>53366211130003811</subfield></datafield></record>