
<record xmlns='http://www.loc.gov/MARC21/slim'><leader>01651cam a2200433 a 4500</leader><controlfield tag='005'>20170825195747.0</controlfield><controlfield tag='008'>080425s2008    gw a     b    001 0 eng c</controlfield><controlfield tag='001'>991034541229703811</controlfield><datafield ind1=' ' ind2=' ' tag='010'><subfield code='a'>2008930485</subfield></datafield><datafield ind1=' ' ind2=' ' tag='020'><subfield code='a'>9783540785057 (acid-free paper)</subfield></datafield><datafield ind1=' ' ind2=' ' tag='020'><subfield code='a'>3540785051 (acid-free paper)</subfield></datafield><datafield ind1=' ' ind2=' ' tag='020'><subfield code='z'>9783540785064 (e-ISBN)</subfield></datafield><datafield ind1=' ' ind2=' ' tag='020'><subfield code='z'>354078506X (e-ISBN)</subfield></datafield><datafield ind1=' ' ind2=' ' tag='035'><subfield code='a'>(PPT)b39921049-01tuli_inst</subfield></datafield><datafield ind1=' ' ind2=' ' tag='035'><subfield code='a'>(OCoLC)ocn492894788</subfield><subfield code='9'>ExL</subfield></datafield><datafield ind1=' ' ind2=' ' tag='035'><subfield code='a'>(OCoLC)227033870</subfield></datafield><datafield ind1=' ' ind2=' ' tag='035'><subfield code='a'>ocn227033870</subfield></datafield><datafield ind1=' ' ind2=' ' tag='035'><subfield code='a'>(OCLC)ocn227033870</subfield></datafield><datafield ind1=' ' ind2=' ' tag='040'><subfield code='a'>UKM</subfield><subfield code='c'>UKM</subfield><subfield code='d'>BTCTA</subfield><subfield code='d'>YDXCP</subfield><subfield code='d'>OHX</subfield><subfield code='d'>BWX</subfield><subfield code='d'>OCLCQ</subfield><subfield code='d'>IQU</subfield><subfield code='d'>CDX</subfield></datafield><datafield ind1=' ' ind2=' ' tag='042'><subfield code='a'>pcc</subfield></datafield><datafield ind1=' ' ind2=' ' tag='079'><subfield code='a'>ocn227033870</subfield></datafield><datafield ind1=' ' ind2=' ' tag='090'><subfield code='a'>QH324.2</subfield><subfield code='b'>.S64 2008</subfield></datafield><datafield ind1='1' ind2=' ' tag='100'><subfield code='a'>Sperschneider, V.</subfield></datafield><datafield ind1='1' ind2='0' tag='245'><subfield code='a'>Bioinformatics :</subfield><subfield code='b'>problem solving paradigms /</subfield><subfield code='c'>Volker Sperschneider ; with contributions by Jana Sperschneider and Lena Scheubert.</subfield></datafield><datafield ind1=' ' ind2=' ' tag='260'><subfield code='a'>Berlin :</subfield><subfield code='b'>Springer,</subfield><subfield code='c'>c2008.</subfield></datafield><datafield ind1=' ' ind2=' ' tag='300'><subfield code='a'>xviii, 289 p. :</subfield><subfield code='b'>ill. ;</subfield><subfield code='c'>25 cm.</subfield></datafield><datafield ind1=' ' ind2=' ' tag='504'><subfield code='a'>Includes bibliographical references (p. [279]-283) and index.</subfield></datafield><datafield ind1='0' ind2=' ' tag='505'><subfield code='a'>Core bioinformatics problems -- Turning to algorithmic problems -- Dynamic programming -- Intelligent data structures -- NP-hardness of core bioinformatics problems -- Approximation algorithms -- A selection of metaheuristics and various projects.</subfield></datafield><datafield ind1=' ' ind2='0' tag='650'><subfield code='a'>Bioinformatics.</subfield></datafield><datafield ind1=' ' ind2='0' tag='650'><subfield code='a'>Bioinformatics</subfield><subfield code='x'>Mathematics.</subfield></datafield><datafield ind1=' ' ind2='0' tag='650'><subfield code='a'>Computer algorithms.</subfield></datafield><datafield ind1='1' ind2=' ' tag='700'><subfield code='a'>Sperschneider, Jana.</subfield></datafield><datafield ind1='1' ind2=' ' tag='700'><subfield code='a'>Scheubert, Lena.</subfield></datafield><datafield ind1=' ' ind2=' ' tag='902'><subfield code='a'>150908</subfield></datafield><datafield ind1=' ' ind2=' ' tag='907'><subfield code='a'>.b39921049</subfield><subfield code='b'>p    </subfield><subfield code='c'>-</subfield></datafield><datafield ind1=' ' ind2=' ' tag='945'><subfield code='l'>pstk </subfield><subfield code='g'>1</subfield></datafield><datafield ind1=' ' ind2=' ' tag='979'><subfield code='a'>ocn227033870</subfield></datafield><datafield ind1=' ' ind2=' ' tag='998'><subfield code='b'>0</subfield><subfield code='c'>090625</subfield><subfield code='d'>m</subfield><subfield code='e'>a</subfield><subfield code='f'>-</subfield><subfield code='g'>0</subfield></datafield><datafield ind1=' ' ind2=' ' tag='998'><subfield code='a'>06/25/09</subfield><subfield code='s'>OCLC</subfield><subfield code='c'>DH</subfield></datafield><datafield ind1=' ' ind2=' ' tag='ADM'><subfield code='b'>2017-08-25 23:57:47</subfield><subfield code='e'>b39921049-01tuli_inst</subfield><subfield code='d'>ILS</subfield><subfield code='a'>2017-06-20 15:01:45</subfield><subfield code='c'>false</subfield></datafield><datafield ind1='0' ind2=' ' tag='HLD'><subfield code='b'>MAIN</subfield><subfield code='c'>stacks</subfield><subfield code='h'>QH324.2</subfield><subfield code='i'>.S64 2008</subfield><subfield code='8'>22335727660003811</subfield></datafield><datafield ind1=' ' ind2=' ' tag='ITM'><subfield code='r'>22335727660003811</subfield><subfield code='b'>0</subfield><subfield code='u'>TECHNICAL</subfield><subfield code='h'>0</subfield><subfield code='g'>stacks</subfield><subfield code='t'>BOOK</subfield><subfield code='9'>39074025437484</subfield><subfield code='e'>stacks</subfield><subfield code='8'>23335727650003811</subfield><subfield code='a'>0</subfield><subfield code='q'>2017-06-20 15:01:45</subfield><subfield code='i'>QH324.2 .S64 2008</subfield><subfield code='d'>MAIN</subfield><subfield code='f'>MAIN</subfield></datafield></record>