
<record xmlns='http://www.loc.gov/MARC21/slim'><leader>02250pam a2200421 a 4500</leader><controlfield tag='005'>20170826001811.0</controlfield><controlfield tag='008'>090626s2010    njuaf    b    001 0 eng  </controlfield><controlfield tag='001'>991036699359703811</controlfield><datafield ind1=' ' ind2=' ' tag='010'><subfield code='a'>2009024890</subfield></datafield><datafield ind1=' ' ind2=' ' tag='020'><subfield code='a'>9780471692720 (cloth)</subfield></datafield><datafield ind1=' ' ind2=' ' tag='020'><subfield code='a'>0471692727 (cloth)</subfield></datafield><datafield ind1=' ' ind2=' ' tag='035'><subfield code='a'>(PPT)b41601026-01tuli_inst</subfield></datafield><datafield ind1=' ' ind2=' ' tag='035'><subfield code='a'>(OCoLC)ocn671779964</subfield><subfield code='9'>ExL</subfield></datafield><datafield ind1=' ' ind2=' ' tag='035'><subfield code='a'>(OCoLC)150357850</subfield></datafield><datafield ind1=' ' ind2=' ' tag='035'><subfield code='a'>ocn150357850</subfield></datafield><datafield ind1=' ' ind2=' ' tag='035'><subfield code='a'>(OCLC)ocn150357850</subfield></datafield><datafield ind1=' ' ind2=' ' tag='040'><subfield code='a'>DLC</subfield><subfield code='c'>DLC</subfield><subfield code='d'>BTCTA</subfield><subfield code='d'>BAKER</subfield><subfield code='d'>C#P</subfield></datafield><datafield ind1=' ' ind2=' ' tag='079'><subfield code='a'>ocn150357850</subfield></datafield><datafield ind1=' ' ind2=' ' tag='096'><subfield code='a'>QU 26.5</subfield><subfield code='b'>.S797 2010</subfield></datafield><datafield ind1='0' ind2='0' tag='245'><subfield code='a'>Statistical bioinformatics :</subfield><subfield code='b'>a guide for life and biomedical science researchers /</subfield><subfield code='c'>edited by Jae K. Lee.</subfield></datafield><datafield ind1=' ' ind2=' ' tag='260'><subfield code='a'>Hoboken, N.J. :</subfield><subfield code='b'>Wiley-Blackwell,</subfield><subfield code='c'>c2010.</subfield></datafield><datafield ind1=' ' ind2=' ' tag='300'><subfield code='a'>xiv, 350 p., [20] p. of plates :</subfield><subfield code='b'>ill. (some col.) ;</subfield><subfield code='c'>24 cm.</subfield></datafield><datafield ind1='1' ind2=' ' tag='490'><subfield code='a'>Methods of biochemical analysis ;</subfield><subfield code='v'>51 </subfield></datafield><datafield ind1=' ' ind2=' ' tag='504'><subfield code='a'>Includes bibliographical references and index.</subfield></datafield><datafield ind1='0' ind2=' ' tag='505'><subfield code='a'>Road to statistical bioinformatics -- Probability concepts and distributions for analyzing large biological data -- Quality control of high-throughput biological data -- Statistical testing and significance for large biological data analysis -- Clustering : unsupervised learning in large biological data -- Classification : supervised learning with high-dimensional biological data -- Multidimensional analysis and visualization on large biological data -- Statistical models, inference, and algorithms for large biological data analysis -- Experimental designs on high-throughput biological experiments -- Statistical resampling techniques for large biological data analysis -- Statistical network analysis for biological systems and pathways -- Trends and statistical challenges in genomewide association studies -- R and bioconductor packages in bioinformatics : towards systems biology.</subfield></datafield><datafield ind1=' ' ind2='0' tag='650'><subfield code='a'>Bioinformatics</subfield><subfield code='x'>Statistical methods.</subfield></datafield><datafield ind1='1' ind2=' ' tag='700'><subfield code='a'>Lee, Jae K.</subfield><subfield code='q'>(Jae Kyun)</subfield></datafield><datafield ind1=' ' ind2='0' tag='830'><subfield code='a'> Methods of biochemical analysis ;</subfield><subfield code='v'>51</subfield></datafield><datafield ind1=' ' ind2=' ' tag='901'><subfield code='a'>BNA</subfield></datafield><datafield ind1=' ' ind2=' ' tag='901'><subfield code='a'>R3831714</subfield></datafield><datafield ind1=' ' ind2=' ' tag='902'><subfield code='a'>160829</subfield></datafield><datafield ind1=' ' ind2=' ' tag='902'><subfield code='a'>100310AF7001</subfield></datafield><datafield ind1=' ' ind2=' ' tag='907'><subfield code='a'>.b41601026</subfield><subfield code='b'>multi</subfield><subfield code='c'>-</subfield></datafield><datafield ind1=' ' ind2=' ' tag='945'><subfield code='l'>hkbst</subfield><subfield code='g'>1</subfield></datafield><datafield ind1=' ' ind2=' ' tag='945'><subfield code='l'>pstk </subfield><subfield code='g'>1</subfield></datafield><datafield ind1=' ' ind2=' ' tag='979'><subfield code='a'>ocn150357850</subfield></datafield><datafield ind1=' ' ind2=' ' tag='998'><subfield code='b'>2</subfield><subfield code='c'>100325</subfield><subfield code='d'>m</subfield><subfield code='e'>a</subfield><subfield code='f'>-</subfield><subfield code='g'>0</subfield></datafield><datafield ind1=' ' ind2=' ' tag='998'><subfield code='b'>2</subfield><subfield code='c'>100325</subfield><subfield code='d'>m</subfield><subfield code='e'>a</subfield><subfield code='f'>-</subfield><subfield code='g'>0</subfield></datafield><datafield ind1=' ' ind2=' ' tag='ADM'><subfield code='b'>2018-03-16 01:59:30</subfield><subfield code='e'>b41601026-01tuli_inst</subfield><subfield code='d'>ILS</subfield><subfield code='a'>2017-06-20 12:33:56</subfield><subfield code='c'>false</subfield></datafield><datafield ind1='2' ind2=' ' tag='HLD'><subfield code='b'>MAIN</subfield><subfield code='c'>stacks</subfield><subfield code='h'>QU 26.5</subfield><subfield code='i'>.S797 2010</subfield><subfield code='8'>22319067230003811</subfield></datafield><datafield ind1='2' ind2=' ' tag='HLD'><subfield code='b'>GINSBURG</subfield><subfield code='c'>stacks</subfield><subfield code='h'>QU 26.5</subfield><subfield code='i'>.S797 2010</subfield><subfield code='8'>22319067250003811</subfield></datafield><datafield ind1=' ' ind2=' ' tag='ITM'><subfield code='r'>22319067230003811</subfield><subfield code='b'>1</subfield><subfield code='h'>2</subfield><subfield code='g'>stacks</subfield><subfield code='t'>BOOK</subfield><subfield code='9'>39074025620469</subfield><subfield code='e'>stacks</subfield><subfield code='8'>23319067220003811</subfield><subfield code='a'>0</subfield><subfield code='q'>2017-06-20 12:33:56</subfield><subfield code='i'>QU 26.5 .S797 2010</subfield><subfield code='d'>MAIN</subfield><subfield code='f'>MAIN</subfield></datafield><datafield ind1=' ' ind2=' ' tag='ITM'><subfield code='r'>22319067250003811</subfield><subfield code='b'>1</subfield><subfield code='h'>2</subfield><subfield code='g'>stacks</subfield><subfield code='t'>BOOK</subfield><subfield code='9'>39074500368865</subfield><subfield code='e'>stacks</subfield><subfield code='8'>23319067240003811</subfield><subfield code='a'>0</subfield><subfield code='q'>2017-06-20 12:33:56</subfield><subfield code='i'>QU 26.5 .S797 2010</subfield><subfield code='d'>GINSBURG</subfield><subfield code='f'>GINSBURG</subfield></datafield></record>