
<record xmlns='http://www.loc.gov/MARC21/slim'><leader>01208nam  2200337 a 4500</leader><controlfield tag='001'>991036743703803811</controlfield><controlfield tag='005'>20170815120232.0</controlfield><controlfield tag='006'>m     o  d |      </controlfield><controlfield tag='007'>cr -n---------</controlfield><controlfield tag='008'>070820s2008    njua    ob    001 0 eng  </controlfield><datafield ind1=' ' ind2=' ' tag='010'><subfield code='z'>  2007034307</subfield></datafield><datafield ind1=' ' ind2=' ' tag='015'><subfield code='a'>GBA790667</subfield><subfield code='2'>bnb</subfield></datafield><datafield ind1='7' ind2=' ' tag='016'><subfield code='z'>014276174</subfield><subfield code='2'>Uk</subfield></datafield><datafield ind1=' ' ind2=' ' tag='020'><subfield code='a'>1-281-23744-2</subfield></datafield><datafield ind1=' ' ind2=' ' tag='020'><subfield code='a'>9786611237448</subfield></datafield><datafield ind1=' ' ind2=' ' tag='020'><subfield code='a'>0-470-25344-4</subfield></datafield><datafield ind1=' ' ind2=' ' tag='020'><subfield code='a'>0-470-25342-8</subfield></datafield><datafield ind1=' ' ind2=' ' tag='035'><subfield code='a'>(CKB)1000000000406149</subfield></datafield><datafield ind1=' ' ind2=' ' tag='035'><subfield code='a'>(EBL)333730</subfield></datafield><datafield ind1=' ' ind2=' ' tag='035'><subfield code='a'>(OCoLC)476138165</subfield></datafield><datafield ind1=' ' ind2=' ' tag='035'><subfield code='a'>(SSID)ssj0000111881</subfield></datafield><datafield ind1=' ' ind2=' ' tag='035'><subfield code='a'>(PQKBManifestationID)11128802</subfield></datafield><datafield ind1=' ' ind2=' ' tag='035'><subfield code='a'>(PQKBTitleCode)TC0000111881</subfield></datafield><datafield ind1=' ' ind2=' ' tag='035'><subfield code='a'>(PQKBWorkID)10080565</subfield></datafield><datafield ind1=' ' ind2=' ' tag='035'><subfield code='a'>(PQKB)10262835</subfield></datafield><datafield ind1=' ' ind2=' ' tag='035'><subfield code='a'>(MiAaPQ)EBC333730</subfield></datafield><datafield ind1=' ' ind2=' ' tag='035'><subfield code='a'>(EXLCZ)991000000000406149</subfield></datafield><datafield ind1=' ' ind2=' ' tag='040'><subfield code='a'>MiAaPQ</subfield><subfield code='c'>MiAaPQ</subfield><subfield code='d'>MiAaPQ</subfield></datafield><datafield ind1=' ' ind2=' ' tag='041'><subfield code='a'>eng</subfield></datafield><datafield ind1=' ' ind2='4' tag='050'><subfield code='a'>QH324.2</subfield><subfield code='b'>.B5472 2008</subfield></datafield><datafield ind1='0' ind2='0' tag='082'><subfield code='a'>572.80285</subfield></datafield><datafield ind1='1' ind2=' ' tag='100'><subfield code='a'>Mandoiu, Ion.</subfield></datafield><datafield ind1='0' ind2='0' tag='245'><subfield code='a'>Bioinformatics algorithms</subfield><subfield code='h'>[electronic resource] :</subfield><subfield code='b'>techniques and applications /</subfield><subfield code='c'>edited by Ion I. Măndoiu and Alexander Zelikovsky.</subfield></datafield><datafield ind1=' ' ind2=' ' tag='260'><subfield code='a'>Hoboken, N.J. :</subfield><subfield code='b'>Wiley-Interscience,</subfield><subfield code='c'>c2008.</subfield></datafield><datafield ind1=' ' ind2=' ' tag='300'><subfield code='a'>1 online resource (517 p.)</subfield></datafield><datafield ind1=' ' ind2=' ' tag='336'><subfield code='a'>text</subfield><subfield code='b'>txt</subfield></datafield><datafield ind1=' ' ind2=' ' tag='337'><subfield code='a'>computer</subfield><subfield code='b'>c</subfield></datafield><datafield ind1=' ' ind2=' ' tag='338'><subfield code='a'>online resource</subfield><subfield code='b'>cr</subfield></datafield><datafield ind1='1' ind2=' ' tag='490'><subfield code='a'>Wiley series on bioinformatics</subfield></datafield><datafield ind1=' ' ind2=' ' tag='500'><subfield code='a'>Description based upon print version of record.</subfield></datafield><datafield ind1='0' ind2=' ' tag='505'><subfield code='a'>BIOINFORMATICS ALGORITHMS; CONTENTS; Preface; Contributors; 1 Educating Biologists in the 21st Century: Bioinformatics Scientists versus Bioinformatics Technicians; PART I TECHNIQUES; 2 Dynamic Programming Algorithms for Biological Sequence and Structure Comparison; 3 Graph Theoretical Approaches to Delineate Dynamics of Biological Processes; 4 Advances in Hidden Markov Models for Sequence Annotation; 5 Sorting- and FFT-Based Techniques in the Discovery of Biopatterns; 6 A Survey of Seeding for Sequence Alignment; 7 The Comparison of Phylogenetic Networks: Algorithms and Complexity</subfield></datafield><datafield ind1='8' ind2=' ' tag='505'><subfield code='a'>PART II GENOME AND SEQUENCE ANALYSIS8 Formal Models of Gene Clusters; 9 Integer Linear Programming Techniques for Discovering Approximate Gene Clusters; 10 Efficient Combinatorial Algorithms for DNA Sequence Processing; 11 Algorithms for Multiplex PCR Primer Set Selection with Amplification Length Constraints; 12 Recent Developments in Alignment and Motif Finding for Sequences and Networks; PART III MICROARRAY DESIGN AND DATA ANALYSIS; 13 Algorithms for Oligonucleotide Microarray Layout; 14 Classification Accuracy Based Microarray Missing Value Imputation; 15 Meta-Analysis of Microarray Data</subfield></datafield><datafield ind1='8' ind2=' ' tag='505'><subfield code='a'>PART IV GENETIC VARIATION ANALYSIS16 Phasing Genotypes Using a Hidden Markov Model; 17 Analytical and Algorithmic Methods for Haplotype Frequency Inference: What Do They Tell Us?; 18 Optimization Methods for Genotype Data Analysis in Epidemiological Studies; PART V STRUCTURAL AND SYSTEMS BIOLOGY; 19 Topological Indices in Combinatorial Chemistry; 20 Efficient Algorithms for Structural Recall in Databases; 21 Computational Approaches to Predict Protein-Protein and Domain-Domain Interactions; Index</subfield></datafield><datafield ind1=' ' ind2=' ' tag='520'><subfield code='a'>Presents algorithmic techniques for solving problems in bioinformatics, including applications that shed new light on molecular biology This book introduces algorithmic techniques in bioinformatics, emphasizing their application to solving novel problems in post-genomic molecular biology. Beginning with a thought-provoking discussion on the role of algorithms in twenty-first-century bioinformatics education, Bioinformatics Algorithms covers: General algorithmic techniques, including dynamic programming, graph-theoretical methods, hidden Markov models, the fast Fourier transform, se</subfield></datafield><datafield ind1=' ' ind2=' ' tag='546'><subfield code='a'>English</subfield></datafield><datafield ind1=' ' ind2=' ' tag='504'><subfield code='a'>Includes bibliographical references and index.</subfield></datafield><datafield ind1=' ' ind2='0' tag='650'><subfield code='a'>Bioinformatics.</subfield></datafield><datafield ind1=' ' ind2='0' tag='650'><subfield code='a'>Algorithms.</subfield></datafield><datafield ind1=' ' ind2='4' tag='655'><subfield code='a'>Electronic books.</subfield></datafield><datafield ind1=' ' ind2=' ' tag='776'><subfield code='z'>0-470-09773-6</subfield></datafield><datafield ind1='1' ind2=' ' tag='700'><subfield code='a'>Măndoiu, Ion.</subfield></datafield><datafield ind1='1' ind2=' ' tag='700'><subfield code='a'>Zelikovsky, Alexander.</subfield></datafield><datafield ind1=' ' ind2='0' tag='830'><subfield code='a'>Wiley series on bioinformatics.</subfield></datafield><datafield ind1=' ' ind2=' ' tag='906'><subfield code='a'>BOOK</subfield></datafield><datafield ind1=' ' ind2=' ' tag='PRT'><subfield code='a'>53404555520003811</subfield><subfield code='b'>https://sandbox01-na.alma.exlibrisgroup.com/view/uresolver/01TULI_INST/openurl?u.ignore_date_coverage=true&amp;rft.mms_id=991036743703803811</subfield><subfield code='e'>EBSCOhost</subfield><subfield code='c'>eBook EngineeringCore Collection</subfield><subfield code='h'>613790000000001573</subfield><subfield code='8'>53404555520003811</subfield></datafield><datafield ind1=' ' ind2=' ' tag='PRT'><subfield code='a'>53363205310003811</subfield><subfield code='b'>https://sandbox01-na.alma.exlibrisgroup.com/view/uresolver/01TULI_INST/openurl?u.ignore_date_coverage=true&amp;rft.mms_id=991036743703803811</subfield><subfield code='e'>Wiley Online Library</subfield><subfield code='c'>Wiley Online Library UBCM all Online Books</subfield><subfield code='h'>613800000000000218</subfield><subfield code='8'>53363205310003811</subfield></datafield><datafield ind1=' ' ind2=' ' tag='PRT'><subfield code='a'>53393457510003811</subfield><subfield code='b'>https://sandbox01-na.alma.exlibrisgroup.com/view/uresolver/01TULI_INST/openurl?u.ignore_date_coverage=true&amp;rft.mms_id=991036743703803811</subfield><subfield code='e'>EBSCOhost</subfield><subfield code='c'>EBSCOhost Academic eBook Collection (North America)</subfield><subfield code='h'>613640000000000029</subfield><subfield code='8'>53393457510003811</subfield></datafield><datafield ind1=' ' ind2=' ' tag='PRT'><subfield code='a'>53395841330003811</subfield><subfield code='b'>https://sandbox01-na.alma.exlibrisgroup.com/view/uresolver/01TULI_INST/openurl?u.ignore_date_coverage=true&amp;rft.mms_id=991036743703803811</subfield><subfield code='e'>EBSCOhost</subfield><subfield code='c'>EBSCOhost eBook Community College Collection</subfield><subfield code='h'>613860000000000003</subfield><subfield code='8'>53395841330003811</subfield></datafield><datafield ind1=' ' ind2=' ' tag='PRT'><subfield code='a'>53420581570003811</subfield><subfield code='b'>https://sandbox01-na.alma.exlibrisgroup.com/view/uresolver/01TULI_INST/openurl?u.ignore_date_coverage=true&amp;rft.mms_id=991036743703803811</subfield><subfield code='e'>Ebook Central</subfield><subfield code='c'>Ebook Central Academic Complete</subfield><subfield code='h'>614200000000000002</subfield><subfield code='8'>53420581570003811</subfield></datafield></record>