
<record xmlns='http://www.loc.gov/MARC21/slim'><leader>01013nam  2200265 a 4500</leader><controlfield tag='001'>991036795744403811</controlfield><controlfield tag='005'>20170810175309.0</controlfield><controlfield tag='006'>m     o  d |      </controlfield><controlfield tag='007'>cr -n---------</controlfield><controlfield tag='008'>110516s2010    ne adf  ob    001 0 eng d</controlfield><datafield ind1=' ' ind2=' ' tag='020'><subfield code='a'>1-283-09229-8</subfield></datafield><datafield ind1=' ' ind2=' ' tag='020'><subfield code='a'>9786613092298</subfield></datafield><datafield ind1=' ' ind2=' ' tag='020'><subfield code='a'>0-12-388424-1</subfield></datafield><datafield ind1=' ' ind2=' ' tag='035'><subfield code='a'>(CKB)2670000000083105</subfield></datafield><datafield ind1=' ' ind2=' ' tag='035'><subfield code='a'>(EBL)691414</subfield></datafield><datafield ind1=' ' ind2=' ' tag='035'><subfield code='a'>(OCoLC)721900566</subfield></datafield><datafield ind1=' ' ind2=' ' tag='035'><subfield code='a'>(SSID)ssj0000507779</subfield></datafield><datafield ind1=' ' ind2=' ' tag='035'><subfield code='a'>(PQKBManifestationID)11320745</subfield></datafield><datafield ind1=' ' ind2=' ' tag='035'><subfield code='a'>(PQKBTitleCode)TC0000507779</subfield></datafield><datafield ind1=' ' ind2=' ' tag='035'><subfield code='a'>(PQKBWorkID)10562165</subfield></datafield><datafield ind1=' ' ind2=' ' tag='035'><subfield code='a'>(PQKB)11209335</subfield></datafield><datafield ind1=' ' ind2=' ' tag='035'><subfield code='a'>(MiAaPQ)EBC691414</subfield></datafield><datafield ind1=' ' ind2=' ' tag='035'><subfield code='a'>(EXLCZ)992670000000083105</subfield></datafield><datafield ind1=' ' ind2=' ' tag='040'><subfield code='a'>MiAaPQ</subfield><subfield code='c'>MiAaPQ</subfield><subfield code='d'>MiAaPQ</subfield></datafield><datafield ind1=' ' ind2=' ' tag='041'><subfield code='a'>eng</subfield></datafield><datafield ind1=' ' ind2='4' tag='050'><subfield code='a'>QD431.25.S85</subfield><subfield code='b'>G76 2010</subfield></datafield><datafield ind1='0' ind2='0' tag='082'><subfield code='a'>572.60285</subfield><subfield code='a'>572.60285 22</subfield></datafield><datafield ind1='1' ind2=' ' tag='100'><subfield code='a'>Gromiha, M. Michael.</subfield></datafield><datafield ind1='1' ind2='0' tag='245'><subfield code='a'>Protein bioinformatics</subfield><subfield code='h'>[electronic resource] :</subfield><subfield code='b'>from sequence to function /</subfield><subfield code='c'>M. Michael Gromiha.</subfield></datafield><datafield ind1=' ' ind2=' ' tag='260'><subfield code='a'>Amsterdam :</subfield><subfield code='b'>Elsevier,</subfield><subfield code='c'>2010.</subfield></datafield><datafield ind1=' ' ind2=' ' tag='300'><subfield code='a'>1 online resource (349 p.)</subfield></datafield><datafield ind1=' ' ind2=' ' tag='336'><subfield code='a'>text</subfield><subfield code='b'>txt</subfield></datafield><datafield ind1=' ' ind2=' ' tag='337'><subfield code='a'>computer</subfield><subfield code='b'>c</subfield></datafield><datafield ind1=' ' ind2=' ' tag='338'><subfield code='a'>online resource</subfield><subfield code='b'>cr</subfield></datafield><datafield ind1=' ' ind2=' ' tag='500'><subfield code='a'>Description based upon print version of record.</subfield></datafield><datafield ind1='0' ind2=' ' tag='505'><subfield code='a'>Front cover; Protein Bioinformatics: From Sequence to Function; Copyright page; Contents; Foreword; Preface; Acknowledgments; Chapter 1: Proteins; 1.1 Building blocks; 1.2 Hierarchical representation of proteins; 1.3 Structural classification of proteins; 1.4 Databases for protein sequences; 1.5 Protein structure databases; 1.6 Literature databases; 1.7 Exercises; References; Chapter 2: Protein Sequence Analysis; 2.1 Sequence alignment; 2.2 Programs for aligning sequences; 2.3 Amino acid properties; 2.4 Amphipathic character of a-helices and ß-strands</subfield></datafield><datafield ind1='8' ind2=' ' tag='505'><subfield code='a'>2.5 Amino acid properties for sequence analysis2.6 Exercises; References; Chapter 3: Protein Structure Analysis; 3.1 Assignment of secondary structures; 3.2 Computation of solvent accessibility; 3.3 Representation of solvent accessibility; 3.4 Residue-residue contacts; 3.5 Amino acid clusters in protein structures; 3.6 Contact potentials; 3.7 Cation-p interactions in protein structures; 3.8 Noncanonical interactions; 3.9 Free energy calculations; 3.10 Amino acid properties derived from protein structural data; 3.11 Parameters for proteins; 3.12 Protein structure comparison; 3.13 Exercises</subfield></datafield><datafield ind1='8' ind2=' ' tag='505'><subfield code='a'>ReferencesChapter 4: Protein Folding Kinetics; 4.1 ?-value analysis; 4.2 Folding nuclei and ?-values; 4.3 Relationship between amino acid properties and ?-values; 4.4 ?-value analysis with hydrophobic clusters and long-range contact networks; 4.5 Kinetic database for proteins; 4.6 Prediction of protein folding rates; 4.7 Relationship between ?-values and folding rates; 4.8 Exercises; References; Chapter 5: Protein Structure Prediction; 5.1 Protein structural class; 5.2 Secondary structure content; 5.3 Secondary structural regions</subfield></datafield><datafield ind1='8' ind2=' ' tag='505'><subfield code='a'>5.4 Discrimination of transmembrane helical proteins and predicting their membrane-spanning segments5.5 Discrimination of transmembrane strand proteins; 5.6 Identification of membrane-spanning ß-strand segments; 5.7 Discrimination of disordered proteins and domains; 5.8 Solvent accessibility; 5.9 Inter-residue contact prediction; 5.10 Protein tertiary structure prediction; 5.11 Exercises; References; Chapter 6: Protein Stability; 6.1 Determination of protein stability; 6.2 Thermodynamic database for proteins and mutants</subfield></datafield><datafield ind1='8' ind2=' ' tag='505'><subfield code='a'>6.3 Relative contribution of noncovalent interactions to protein stability6.4 Stability of thermophilic proteins; 6.5 Analysis and prediction of protein mutant stability; 6.6 Exercises; References; Chapter 7: Protein Interactions; 7.1 Protein-protein interactions; 7.2 Protein-DNA interactions; 7.3 Protein-RNA interactions; 7.4 Protein-ligand interactions; 7.5 Quantitative structure activity relationship in protein-ligand interactions; 7.6 Exercises; References; Appendix A; List of protein databases; List of protein Web servers; Index</subfield></datafield><datafield ind1=' ' ind2=' ' tag='520'><subfield code='a'> One of the most pressing tasks in biotechnology today is to unlock the function of each of the thousands of new genes identified every day. Scientists do this by analyzing and interpreting proteins, which are considered the task force of a gene. This single source reference covers all aspects of proteins, explaining fundamentals, synthesizing the latest literature, and demonstrating the most important bioinformatics tools available today for protein analysis, interpretation and prediction. Students and researchers of biotechnology, bioinformatics, proteomics, protein engineering, biophysics</subfield></datafield><datafield ind1=' ' ind2=' ' tag='546'><subfield code='a'>English</subfield></datafield><datafield ind1=' ' ind2=' ' tag='504'><subfield code='a'>Includes bibliographical references and index.</subfield></datafield><datafield ind1=' ' ind2='0' tag='650'><subfield code='a'>Proteins</subfield><subfield code='x'>Structure</subfield><subfield code='x'>Data processing.</subfield></datafield><datafield ind1=' ' ind2='0' tag='650'><subfield code='a'>Proteins</subfield><subfield code='x'>Metabolism</subfield><subfield code='x'>Data processing.</subfield></datafield><datafield ind1=' ' ind2='0' tag='650'><subfield code='a'>Bioinformatics.</subfield></datafield><datafield ind1=' ' ind2='4' tag='655'><subfield code='a'>Electronic books.</subfield></datafield><datafield ind1=' ' ind2=' ' tag='700'><subfield code='a'>Penrose, Denise</subfield><subfield code='e'>Contributor</subfield></datafield><datafield ind1=' ' ind2=' ' tag='776'><subfield code='z'>81-312-2297-7</subfield></datafield><datafield ind1=' ' ind2=' ' tag='906'><subfield code='a'>BOOK</subfield></datafield><datafield ind1=' ' ind2=' ' tag='PRT'><subfield code='a'>53364387200003811</subfield><subfield code='b'>https://sandbox01-na.alma.exlibrisgroup.com/view/uresolver/01TULI_INST/openurl?u.ignore_date_coverage=true&amp;rft.mms_id=991036795744403811</subfield><subfield code='e'>Elsevier ScienceDirect AutoLoad</subfield><subfield code='c'>Elsevier ScienceDirect Books Complete</subfield><subfield code='h'>613840000000000009</subfield><subfield code='8'>53364387200003811</subfield></datafield></record>