
<record xmlns='http://www.loc.gov/MARC21/slim'><leader>00998nam  2200265Ia 4500</leader><controlfield tag='001'>991036743958703811</controlfield><controlfield tag='005'>20170814175755.0</controlfield><controlfield tag='006'>m     o  d |      </controlfield><controlfield tag='007'>cr -n---------</controlfield><controlfield tag='008'>090626s2010    njuaf   ob    001 0 eng d</controlfield><datafield ind1=' ' ind2=' ' tag='010'><subfield code='z'>  2009024890</subfield></datafield><datafield ind1=' ' ind2=' ' tag='020'><subfield code='a'>1-118-21152-9</subfield></datafield><datafield ind1=' ' ind2=' ' tag='020'><subfield code='a'>1-282-69036-1</subfield></datafield><datafield ind1=' ' ind2=' ' tag='020'><subfield code='a'>9786612690365</subfield></datafield><datafield ind1=' ' ind2=' ' tag='020'><subfield code='a'>0-470-56764-3</subfield></datafield><datafield ind1=' ' ind2=' ' tag='020'><subfield code='a'>0-470-56763-5</subfield></datafield><datafield ind1=' ' ind2=' ' tag='035'><subfield code='a'>(CKB)2670000000014706</subfield></datafield><datafield ind1=' ' ind2=' ' tag='035'><subfield code='a'>(EBL)514371</subfield></datafield><datafield ind1=' ' ind2=' ' tag='035'><subfield code='a'>(OCoLC)609862656</subfield></datafield><datafield ind1=' ' ind2=' ' tag='035'><subfield code='a'>(SSID)ssj0000366205</subfield></datafield><datafield ind1=' ' ind2=' ' tag='035'><subfield code='a'>(PQKBManifestationID)11290379</subfield></datafield><datafield ind1=' ' ind2=' ' tag='035'><subfield code='a'>(PQKBTitleCode)TC0000366205</subfield></datafield><datafield ind1=' ' ind2=' ' tag='035'><subfield code='a'>(PQKBWorkID)10414571</subfield></datafield><datafield ind1=' ' ind2=' ' tag='035'><subfield code='a'>(PQKB)10462620</subfield></datafield><datafield ind1=' ' ind2=' ' tag='035'><subfield code='a'>(MiAaPQ)EBC514371</subfield></datafield><datafield ind1=' ' ind2=' ' tag='035'><subfield code='a'>(EXLCZ)992670000000014706</subfield></datafield><datafield ind1=' ' ind2=' ' tag='040'><subfield code='a'>MiAaPQ</subfield><subfield code='c'>MiAaPQ</subfield><subfield code='d'>MiAaPQ</subfield></datafield><datafield ind1=' ' ind2=' ' tag='041'><subfield code='a'>eng</subfield></datafield><datafield ind1=' ' ind2='4' tag='050'><subfield code='a'>QH324.2</subfield><subfield code='b'>.S725 2010</subfield></datafield><datafield ind1='0' ind2='0' tag='082'><subfield code='a'>570.285</subfield></datafield><datafield ind1='1' ind2=' ' tag='100'><subfield code='a'>Lee, Jae K.</subfield></datafield><datafield ind1='0' ind2='0' tag='245'><subfield code='a'>Statistical bioinformatics</subfield><subfield code='h'>[electronic resource] :</subfield><subfield code='b'>a guide for life and biomedical science researchers /</subfield><subfield code='c'>edited by Jae K. Lee.</subfield></datafield><datafield ind1=' ' ind2=' ' tag='260'><subfield code='a'>Hoboken, NJ :</subfield><subfield code='b'>Wiley,</subfield><subfield code='c'>c2010.</subfield></datafield><datafield ind1=' ' ind2=' ' tag='300'><subfield code='a'>1 online resource (386 p.)</subfield></datafield><datafield ind1=' ' ind2=' ' tag='336'><subfield code='a'>text</subfield><subfield code='b'>txt</subfield></datafield><datafield ind1=' ' ind2=' ' tag='337'><subfield code='a'>computer</subfield><subfield code='b'>c</subfield></datafield><datafield ind1=' ' ind2=' ' tag='338'><subfield code='a'>online resource</subfield><subfield code='b'>cr</subfield></datafield><datafield ind1=' ' ind2=' ' tag='500'><subfield code='a'>Description based upon print version of record.</subfield></datafield><datafield ind1='0' ind2=' ' tag='505'><subfield code='a'>STATISTICAL BIOINFORMATICS; CONTENTS; PREFACE; CONTRIBUTORS; 1 ROAD TO STATISTICAL BIOINFORMATICS; 2 PROBABILITY CONCEPTS AND DISTRIBUTIONS FOR ANALYZING LARGE BIOLOGICAL DATA; 3 QUALITY CONTROL OF HIGH-THROUGHPUT BIOLOGICAL DATA; 4 STATISTICAL TESTING AND SIGNIFICANCE FOR LARGE BIOLOGICAL DATA ANALYSIS; 5 CLUSTERING: UNSUPERVISED LEARNING IN LARGE BIOLOGICAL DATA; 6 CLASSIFICATION: SUPERVISED LEARNING WITH HIGH-DIMENSIONAL BIOLOGICAL DATA; 7 MULTIDIMENSIONAL ANALYSIS AND VISUALIZATION ON LARGE BIOMEDICAL DATA; 8 STATISTICAL MODELS, INFERENCE, AND ALGORITHMS FOR LARGE BIOLOGICAL DATA ANALYSIS</subfield></datafield><datafield ind1='8' ind2=' ' tag='505'><subfield code='a'>9 EXPERIMENTAL DESIGNS ON HIGH-THROUGHPUT BIOLOGICAL EXPERIMENTS10 STATISTICAL RESAMPLING TECHNIQUES FOR LARGE BIOLOGICAL DATA ANALYSIS; 11 STATISTICAL NETWORK ANALYSIS FOR BIOLOGICAL SYSTEMS AND PATHWAYS; 12 TRENDS AND STATISTICAL CHALLENGES IN GENOMEWIDE ASSOCIATION STUDIES; 13 R AND BIOCONDUCTOR PACKAGES IN BIOINFORMATICS: TOWARDS SYSTEMS BIOLOGY; INDEX</subfield></datafield><datafield ind1=' ' ind2=' ' tag='520'><subfield code='a'>This book provides an essential understanding of statistical concepts necessary for the analysis of genomic and proteomic data using computational techniques. The author presents both basic and advanced topics, focusing on those that are relevant to the computational analysis of large data sets in biology. Chapters begin with a description of a statistical concept and a current example from biomedical research, followed by more detailed presentation, discussion of limitations, and problems. The book starts with an introduction to probability and statistics for genome-wide data, and moves into</subfield></datafield><datafield ind1=' ' ind2=' ' tag='546'><subfield code='a'>English</subfield></datafield><datafield ind1=' ' ind2=' ' tag='504'><subfield code='a'>Includes bibliographical references and index.</subfield></datafield><datafield ind1=' ' ind2='0' tag='650'><subfield code='a'>Bioinformatics</subfield><subfield code='x'>Statistical methods.</subfield></datafield><datafield ind1=' ' ind2='0' tag='650'><subfield code='a'>Biology</subfield><subfield code='x'>Data processing.</subfield></datafield><datafield ind1=' ' ind2='4' tag='655'><subfield code='a'>Electronic books.</subfield></datafield><datafield ind1=' ' ind2=' ' tag='776'><subfield code='z'>0-471-69272-7</subfield></datafield><datafield ind1='1' ind2=' ' tag='700'><subfield code='a'>Lee, Jae K.</subfield></datafield><datafield ind1=' ' ind2=' ' tag='906'><subfield code='a'>BOOK</subfield></datafield><datafield ind1=' ' ind2=' ' tag='PRT'><subfield code='a'>53363484230003811</subfield><subfield code='b'>https://sandbox01-na.alma.exlibrisgroup.com/view/uresolver/01TULI_INST/openurl?u.ignore_date_coverage=true&amp;rft.mms_id=991036743958703811</subfield><subfield code='e'>Wiley Online Library</subfield><subfield code='c'>Wiley Online Library UBCM all Online Books</subfield><subfield code='h'>613800000000000218</subfield><subfield code='8'>53363484230003811</subfield></datafield><datafield ind1=' ' ind2=' ' tag='PRT'><subfield code='a'>53421762890003811</subfield><subfield code='b'>https://sandbox01-na.alma.exlibrisgroup.com/view/uresolver/01TULI_INST/openurl?u.ignore_date_coverage=true&amp;rft.mms_id=991036743958703811</subfield><subfield code='e'>Ebook Central</subfield><subfield code='c'>Ebook Central Academic Complete</subfield><subfield code='h'>614200000000000002</subfield><subfield code='8'>53421762890003811</subfield></datafield></record>