
<record xmlns='http://www.loc.gov/MARC21/slim'><leader>01441pam a22003974a 4500</leader><controlfield tag='005'>20180315193641.0</controlfield><controlfield tag='008'>060403s2006    enka     b    001 0 eng  </controlfield><controlfield tag='001'>991024694959703811</controlfield><datafield ind1=' ' ind2=' ' tag='010'><subfield code='a'>2006011225</subfield></datafield><datafield ind1=' ' ind2=' ' tag='020'><subfield code='a'>0470020016 (cloth : alk. paper)</subfield></datafield><datafield ind1='3' ind2=' ' tag='024'><subfield code='a'>9780470020012 (cloth : alk. paper)</subfield></datafield><datafield ind1=' ' ind2=' ' tag='035'><subfield code='a'>(PPT)b32825201-01tuli_inst</subfield></datafield><datafield ind1=' ' ind2=' ' tag='035'><subfield code='a'>(OCoLC)ocn492158020</subfield><subfield code='9'>ExL</subfield></datafield><datafield ind1=' ' ind2=' ' tag='035'><subfield code='a'>ocm65538426</subfield></datafield><datafield ind1=' ' ind2=' ' tag='035'><subfield code='a'>(OCLC)ocm65538426</subfield></datafield><datafield ind1=' ' ind2=' ' tag='040'><subfield code='a'>DLC</subfield><subfield code='c'>DLC</subfield><subfield code='d'>BAKER</subfield><subfield code='d'>BWKUK</subfield></datafield><datafield ind1='1' ind2=' ' tag='041'><subfield code='a'>eng</subfield><subfield code='h'>fre</subfield></datafield><datafield ind1=' ' ind2=' ' tag='042'><subfield code='a'>pcc</subfield></datafield><datafield ind1=' ' ind2=' ' tag='079'><subfield code='a'>ocm65538426</subfield></datafield><datafield ind1=' ' ind2=' ' tag='090'><subfield code='a'>QH324.2</subfield><subfield code='b'>.D348 2006</subfield></datafield><datafield ind1='1' ind2=' ' tag='100'><subfield code='a'>Dardel, Frédéric.</subfield></datafield><datafield ind1='0' ind2='0' tag='240'><subfield code='a'>Bioinformatique.</subfield><subfield code='l'>English</subfield></datafield><datafield ind1='1' ind2='0' tag='245'><subfield code='a'>Bioinformatics :</subfield><subfield code='b'>genomics and post-genomics /</subfield><subfield code='c'>Frédéric Dardel and François Képès ; translated by Noah Hardy.</subfield></datafield><datafield ind1=' ' ind2=' ' tag='260'><subfield code='a'>Chichester, England ;</subfield><subfield code='a'>Hoboken, NJ :</subfield><subfield code='b'>John Wiley &amp; Sons,</subfield><subfield code='c'>c2006.</subfield></datafield><datafield ind1=' ' ind2=' ' tag='300'><subfield code='a'>vi, 241 p. :</subfield><subfield code='b'>ill. ;</subfield><subfield code='c'>25 cm.</subfield></datafield><datafield ind1=' ' ind2=' ' tag='500'><subfield code='a'>&quot;This work has been published with the help of the French Ministère de la Culture - Centre national du livre.&quot;</subfield></datafield><datafield ind1=' ' ind2=' ' tag='504'><subfield code='a'>Includes bibliographical references and index.</subfield></datafield><datafield ind1=' ' ind2='0' tag='650'><subfield code='a'>Bioinformatics.</subfield></datafield><datafield ind1=' ' ind2='0' tag='650'><subfield code='a'>Genomics.</subfield></datafield><datafield ind1='1' ind2=' ' tag='700'><subfield code='a'>Képès, François.</subfield></datafield><datafield ind1='4' ind2='1' tag='856'><subfield code='z'>Access table of contents.</subfield><subfield code='u'>http://www.loc.gov/catdir/toc/ecip0611/2006011225.html</subfield></datafield><datafield ind1=' ' ind2=' ' tag='907'><subfield code='a'>.b32825201</subfield><subfield code='b'>p    </subfield><subfield code='c'>-</subfield></datafield><datafield ind1=' ' ind2=' ' tag='945'><subfield code='l'>pstk </subfield><subfield code='g'>1</subfield></datafield><datafield ind1=' ' ind2=' ' tag='979'><subfield code='a'>ocm65538426</subfield></datafield><datafield ind1=' ' ind2=' ' tag='998'><subfield code='b'>0</subfield><subfield code='c'>071102</subfield><subfield code='d'>m</subfield><subfield code='e'>a</subfield><subfield code='f'>-</subfield><subfield code='g'>0</subfield></datafield><datafield ind1=' ' ind2=' ' tag='998'><subfield code='a'>11/02/07</subfield><subfield code='s'>LC</subfield><subfield code='c'>cep </subfield></datafield><datafield ind1='0' ind2=' ' tag='HLD'><subfield code='b'>MAIN</subfield><subfield code='c'>stacks</subfield><subfield code='h'>QH324.2</subfield><subfield code='i'>.D348 2006</subfield><subfield code='8'>22317452950003811</subfield></datafield><datafield ind1=' ' ind2=' ' tag='ITM'><subfield code='b'>1</subfield><subfield code='h'>0</subfield><subfield code='g'>stacks</subfield><subfield code='9'>39074023438237</subfield><subfield code='e'>stacks</subfield><subfield code='8'>23317452940003811</subfield><subfield code='a'>0</subfield><subfield code='q'>2017-06-20 12:20:27</subfield><subfield code='i'>QH324.2 .D348 2006</subfield><subfield code='d'>MAIN</subfield><subfield code='r'>2018-05-03 22:21:19</subfield><subfield code='f'>MAIN</subfield></datafield></record>