
<record xmlns='http://www.loc.gov/MARC21/slim'><leader>03725nam a22005295i 4500</leader><controlfield tag='001'>991036799543903811</controlfield><controlfield tag='005'>20170815163726.0</controlfield><controlfield tag='006'>m     o  d |      </controlfield><controlfield tag='007'>cr -n---------</controlfield><controlfield tag='008'>101112s2011    xxu|    o    |||| 0|eng d</controlfield><datafield ind1=' ' ind2=' ' tag='020'><subfield code='a'>1-282-97128-X</subfield></datafield><datafield ind1=' ' ind2=' ' tag='020'><subfield code='a'>9786612971280</subfield></datafield><datafield ind1=' ' ind2=' ' tag='020'><subfield code='a'>1-4419-7771-6</subfield></datafield><datafield ind1='7' ind2=' ' tag='024'><subfield code='a'>10.1007/978-1-4419-7771-7</subfield><subfield code='2'>doi</subfield></datafield><datafield ind1=' ' ind2=' ' tag='035'><subfield code='a'>(CKB)2670000000056904</subfield></datafield><datafield ind1=' ' ind2=' ' tag='035'><subfield code='a'>(EBL)646171</subfield></datafield><datafield ind1=' ' ind2=' ' tag='035'><subfield code='a'>(OCoLC)694733840</subfield></datafield><datafield ind1=' ' ind2=' ' tag='035'><subfield code='a'>(SSID)ssj0000449429</subfield></datafield><datafield ind1=' ' ind2=' ' tag='035'><subfield code='a'>(PQKBManifestationID)11316089</subfield></datafield><datafield ind1=' ' ind2=' ' tag='035'><subfield code='a'>(PQKBTitleCode)TC0000449429</subfield></datafield><datafield ind1=' ' ind2=' ' tag='035'><subfield code='a'>(PQKBWorkID)10427817</subfield></datafield><datafield ind1=' ' ind2=' ' tag='035'><subfield code='a'>(PQKB)10156022</subfield></datafield><datafield ind1=' ' ind2=' ' tag='035'><subfield code='a'>(DE-He213)978-1-4419-7771-7</subfield></datafield><datafield ind1=' ' ind2=' ' tag='035'><subfield code='a'>(MiAaPQ)EBC646171</subfield></datafield><datafield ind1=' ' ind2=' ' tag='035'><subfield code='a'>(EXLCZ)992670000000056904</subfield></datafield><datafield ind1=' ' ind2=' ' tag='040'><subfield code='a'>MiAaPQ</subfield><subfield code='c'>MiAaPQ</subfield><subfield code='d'>MiAaPQ</subfield></datafield><datafield ind1=' ' ind2=' ' tag='041'><subfield code='a'>eng</subfield></datafield><datafield ind1=' ' ind2='4' tag='050'><subfield code='a'>QH324.2-324.25</subfield></datafield><datafield ind1=' ' ind2='7' tag='072'><subfield code='a'>PSD</subfield><subfield code='2'>bicssc</subfield></datafield><datafield ind1=' ' ind2='7' tag='072'><subfield code='a'>UB</subfield><subfield code='2'>bicssc</subfield></datafield><datafield ind1=' ' ind2='7' tag='072'><subfield code='a'>SCI056000</subfield><subfield code='2'>bisacsh</subfield></datafield><datafield ind1='0' ind2='0' tag='082'><subfield code='a'>576.80285</subfield></datafield><datafield ind1='1' ind2=' ' tag='100'><subfield code='a'>Forsdyke, Donald R.</subfield><subfield code='e'>author.</subfield></datafield><datafield ind1='1' ind2='0' tag='245'><subfield code='a'>Evolutionary Bioinformatics</subfield><subfield code='h'>[electronic resource] /</subfield><subfield code='c'>by Donald R. Forsdyke.</subfield></datafield><datafield ind1=' ' ind2=' ' tag='250'><subfield code='a'>2nd ed.</subfield></datafield><datafield ind1=' ' ind2='1' tag='264'><subfield code='a'>New York, NY :</subfield><subfield code='b'>Springer New York,</subfield><subfield code='c'>2011.</subfield></datafield><datafield ind1=' ' ind2=' ' tag='300'><subfield code='a'>1 online resource (510 p.)</subfield></datafield><datafield ind1=' ' ind2=' ' tag='336'><subfield code='a'>text</subfield><subfield code='b'>txt</subfield></datafield><datafield ind1=' ' ind2=' ' tag='337'><subfield code='a'>computer</subfield><subfield code='b'>c</subfield></datafield><datafield ind1=' ' ind2=' ' tag='338'><subfield code='a'>online resource</subfield><subfield code='b'>cr</subfield></datafield><datafield ind1=' ' ind2=' ' tag='347'><subfield code='a'>text file</subfield><subfield code='b'>PDF</subfield><subfield code='2'>rda</subfield></datafield><datafield ind1=' ' ind2=' ' tag='500'><subfield code='a'>Description based upon print version of record.</subfield></datafield><datafield ind1=' ' ind2=' ' tag='546'><subfield code='a'>English</subfield></datafield><datafield ind1=' ' ind2=' ' tag='504'><subfield code='a'>Includes bibliographical references and index.</subfield></datafield><datafield ind1='0' ind2=' ' tag='505'><subfield code='a'>Prologue -- Part 1: Information and DNA -- Memory - A Phenomenon of Arrangement -- Chargaff’s First Parity Rule -- Information Levels and Barriers -- Part 2: Parity and Non-parity -- Chargaff’s Second Parity Rule -- Stems and Loops -- Chargaff’s Cluster Rule -- Part 3: Variation and Speciation -- Mutation -- Species Survival and Arrival -- The Weak Point -- Chargaff’s GC Rule -- Homostability -- Part 4: Conflict within Genomes -- Conflict Resolution -- Exons and Introns -- Complexity -- Part 5: Conflict between Genomes -- Self/Not-self? -- The Crowded Cytosol -- Part 6: Sex and Error-correction -- Rebooting the Genome -- The Fifth Letter -- Part 7 -- Information and Mind -- Memory - What to Arrange and Where? -- Appendix 1 -- Appendix 2 -- Appendix 3 -- Index.</subfield></datafield><datafield ind1=' ' ind2=' ' tag='520'><subfield code='a'>Evolutionary Bioinformatics aims to make the &quot;new&quot; information-based (rather than gene-based) bioinformatics intelligible both to the &quot;bio&quot; people and the &quot;info&quot; people. Books on bioinformatics have traditionally served gene-hunters, and biologists who wish to construct family trees showing tidy lines of descent. While dealing extensively with the exciting topics of gene discovery and database-searching, such books have hardly considered genomes as information channels through which multiple forms and levels of information have passed through the generations. This &quot;new bioinformatics,&quot; contrasts with the &quot;old&quot; gene-based bioinformatics that so preoccupies previous texts. Evolutionary Bioinformatics extends a line of evolutionary thought that leads from the nineteenth century (Darwin, Butler, Romanes, Bateson), through the twentieth (Goldschmidt, White), and into the twenty first (the final works of the late Stephen Jay Gould). Long an area of controversy, diverging views may now be reconciled. The book is unique in emphasising non-genic aspects of bioinformatics, and linking modern evolutionary biology to a history that extends back to the nineteenth century. Forms of information that we are familiar with (mental, textual) are related to forms we are less familiar with (hereditary).</subfield></datafield><datafield ind1=' ' ind2='0' tag='650'><subfield code='a'>Bioinformatics.</subfield></datafield><datafield ind1=' ' ind2='0' tag='650'><subfield code='a'>Evolutionary genetics.</subfield></datafield><datafield ind1=' ' ind2='4' tag='655'><subfield code='a'>Electronic books.</subfield></datafield><datafield ind1=' ' ind2=' ' tag='776'><subfield code='z'>1-4899-8171-3</subfield></datafield><datafield ind1=' ' ind2=' ' tag='776'><subfield code='z'>1-4419-7770-8</subfield></datafield><datafield ind1=' ' ind2=' ' tag='906'><subfield code='a'>BOOK</subfield></datafield><datafield ind1=' ' ind2=' ' tag='ADM'><subfield code='b'>2018-02-22 13:59:58</subfield><subfield code='e'>992670000000056904</subfield><subfield code='d'>NON_SFX</subfield><subfield code='f'>20151125191942.0</subfield><subfield code='a'>2012-02-25 22:10:57</subfield><subfield code='c'>false</subfield></datafield><datafield ind1=' ' ind2=' ' tag='PRT'><subfield code='a'>53366414690003811</subfield><subfield code='b'>https://sandbox01-na.alma.exlibrisgroup.com/view/uresolver/01TULI_INST/openurl?u.ignore_date_coverage=true&amp;rft.mms_id=991036799543903811</subfield><subfield code='e'>Springer Link</subfield><subfield code='9'>Available</subfield><subfield code='c'>SpringerLink Books Complete</subfield><subfield code='h'>611000000000001381</subfield><subfield code='8'>53366414690003811</subfield></datafield></record>