
<record xmlns='http://www.loc.gov/MARC21/slim'><leader>04941nam a22006735i 4500</leader><controlfield tag='001'>991036798827203811</controlfield><controlfield tag='005'>20180327181105.0</controlfield><controlfield tag='006'>m     o  d |      </controlfield><controlfield tag='007'>cr -n---------</controlfield><controlfield tag='008'>100301s2009    xxk|    o    |||| 0|eng d</controlfield><datafield ind1=' ' ind2=' ' tag='010'><subfield code='z'>  2009920488</subfield></datafield><datafield ind1=' ' ind2=' ' tag='020'><subfield code='a'>1-282-23557-5</subfield></datafield><datafield ind1=' ' ind2=' ' tag='020'><subfield code='a'>9786612235573</subfield></datafield><datafield ind1=' ' ind2=' ' tag='020'><subfield code='a'>1-84800-257-2</subfield></datafield><datafield ind1='7' ind2=' ' tag='024'><subfield code='a'>10.1007/978-1-84800-257-9</subfield><subfield code='2'>doi</subfield></datafield><datafield ind1=' ' ind2=' ' tag='035'><subfield code='a'>(CKB)1000000000746098</subfield></datafield><datafield ind1=' ' ind2=' ' tag='035'><subfield code='a'>(EBL)437841</subfield></datafield><datafield ind1=' ' ind2=' ' tag='035'><subfield code='a'>(OCoLC)370599224</subfield></datafield><datafield ind1=' ' ind2=' ' tag='035'><subfield code='a'>(SSID)ssj0000111880</subfield></datafield><datafield ind1=' ' ind2=' ' tag='035'><subfield code='a'>(PQKBManifestationID)11139375</subfield></datafield><datafield ind1=' ' ind2=' ' tag='035'><subfield code='a'>(PQKBTitleCode)TC0000111880</subfield></datafield><datafield ind1=' ' ind2=' ' tag='035'><subfield code='a'>(PQKBWorkID)10081860</subfield></datafield><datafield ind1=' ' ind2=' ' tag='035'><subfield code='a'>(PQKB)10773354</subfield></datafield><datafield ind1=' ' ind2=' ' tag='035'><subfield code='a'>(SSID)ssj0000768371</subfield></datafield><datafield ind1=' ' ind2=' ' tag='035'><subfield code='a'>(PQKBManifestationID)12387807</subfield></datafield><datafield ind1=' ' ind2=' ' tag='035'><subfield code='a'>(PQKBTitleCode)TC0000768371</subfield></datafield><datafield ind1=' ' ind2=' ' tag='035'><subfield code='a'>(PQKBWorkID)10758281</subfield></datafield><datafield ind1=' ' ind2=' ' tag='035'><subfield code='a'>(PQKB)11302423</subfield></datafield><datafield ind1=' ' ind2=' ' tag='035'><subfield code='a'>(DE-He213)978-1-84800-257-9</subfield></datafield><datafield ind1=' ' ind2=' ' tag='035'><subfield code='a'>(MiAaPQ)EBC437841</subfield></datafield><datafield ind1=' ' ind2=' ' tag='035'><subfield code='a'>(EXLCZ)991000000000746098</subfield></datafield><datafield ind1=' ' ind2=' ' tag='040'><subfield code='a'>MiAaPQ</subfield><subfield code='c'>MiAaPQ</subfield><subfield code='d'>MiAaPQ</subfield></datafield><datafield ind1=' ' ind2=' ' tag='041'><subfield code='a'>eng</subfield></datafield><datafield ind1=' ' ind2='4' tag='050'><subfield code='a'>QH301-705</subfield></datafield><datafield ind1=' ' ind2='7' tag='072'><subfield code='a'>PSA</subfield><subfield code='2'>bicssc</subfield></datafield><datafield ind1=' ' ind2='7' tag='072'><subfield code='a'>SCI086000</subfield><subfield code='2'>bisacsh</subfield></datafield><datafield ind1='0' ind2='0' tag='082'><subfield code='a'>572.80285</subfield></datafield><datafield ind1='1' ind2=' ' tag='100'><subfield code='a'>Ramsden, Jeremy.</subfield><subfield code='e'>author.</subfield></datafield><datafield ind1='1' ind2='0' tag='245'><subfield code='a'>Bioinformatics</subfield><subfield code='h'>[electronic resource] :</subfield><subfield code='b'>An Introduction /</subfield><subfield code='c'>by Jeremy Ramsden.</subfield></datafield><datafield ind1=' ' ind2=' ' tag='250'><subfield code='a'>2nd ed.</subfield></datafield><datafield ind1=' ' ind2='1' tag='264'><subfield code='a'>London :</subfield><subfield code='b'>Springer London,</subfield><subfield code='c'>2009.</subfield></datafield><datafield ind1=' ' ind2=' ' tag='300'><subfield code='a'>1 online resource (273 p.)</subfield></datafield><datafield ind1=' ' ind2=' ' tag='336'><subfield code='a'>text</subfield><subfield code='b'>txt</subfield></datafield><datafield ind1=' ' ind2=' ' tag='337'><subfield code='a'>computer</subfield><subfield code='b'>c</subfield></datafield><datafield ind1=' ' ind2=' ' tag='338'><subfield code='a'>online resource</subfield><subfield code='b'>cr</subfield></datafield><datafield ind1=' ' ind2=' ' tag='347'><subfield code='a'>text file</subfield><subfield code='b'>PDF</subfield><subfield code='2'>rda</subfield></datafield><datafield ind1='1' ind2=' ' tag='490'><subfield code='a'>Computational Biology,</subfield><subfield code='x'>1568-2684 ;</subfield><subfield code='v'>10</subfield></datafield><datafield ind1=' ' ind2=' ' tag='500'><subfield code='a'>Description based upon print version of record.</subfield></datafield><datafield ind1=' ' ind2=' ' tag='546'><subfield code='a'>English</subfield></datafield><datafield ind1=' ' ind2=' ' tag='504'><subfield code='a'>Includes bibliographical references (p. 259-265) and index.</subfield></datafield><datafield ind1='0' ind2=' ' tag='505'><subfield code='a'>The Nature of Information -- The Transmission of Information -- Sets and Combinatorics -- Probability and likelihood -- Randomness and complexity -- Systems, Networks, and Circuits -- Algorithms -- Biology -- to Part II -- The Nature of Living Things -- The Molecules of Life -- Applications -- to Part III -- Genomics -- Proteomics -- Interactomics: Interactions and Regulatory Networks -- Metabolomics and Metabonomics -- Medical Applications -- The Organization of Knowledge.</subfield></datafield><datafield ind1=' ' ind2=' ' tag='520'><subfield code='a'>Bioinformatics is interpreted as the application of information science to biology, in which it plays a fundamental and all-pervasive role. The field continues to develop intensively in both academia and commercially, and is highly interdisciplinary. This broad-ranging and thoroughly updated second edition covers new findings while retaining the successful formula of the original text. Bioinformatics: An Introduction (2nd Edition) is structured into three parts devoted to Information, Biology, and Applications. Every section of the book has been completely revised for currency, and expanded where relevant, to take account of significant new discoveries and realizations of the importance of key concepts. Furthermore, two new chapters provide instruction about algorithms and knowledge representation. Emphases are placed on the underlying fundamentals and on acquisition of a broad and comprehensive grasp of the field as a whole. Features: • Provides a solid foundation in, and self-contained introduction to, the field of bioinformatics and its state-of-the-art as it relates to computational biology research • Offers additional chapters on algorithms and knowledge representation, including text mining [NEW] • Imparts a thorough grounding of core concepts, enabling the reader to understand contemporary work within an optimal context • Contains a greatly expanded chapter on interactions and regulatory networks [NEW] • Includes examples, definitions, problems and a comprehensive and useful bibliography • Presents new experimental methods, and serves as a springboard for new research [NEW] • Incorporates discussion of the method of drawing inferences from abstract sequence analysis based on frequency dictionaries • Contains an extensively revised chapter on medical applications [NEW] • Emphasizes the underlying fundamentals and acquisition of a broad and comprehensive grasp of the field as a whole This significantly improved second edition of a successful textbook is intended to be a complete study companion for the advanced undergraduate or graduate student. It is self-contained, bringing together the multiple disciplines necessary for a profound grasp of the field into a coherent whole, thereby allowing the reader to gain much insight into the state-of-the-art of bioinformatics.</subfield></datafield><datafield ind1=' ' ind2='0' tag='650'><subfield code='a'>Bioinformatics.</subfield></datafield><datafield ind1=' ' ind2='0' tag='650'><subfield code='a'>Biology</subfield><subfield code='x'>Data processing.</subfield></datafield><datafield ind1=' ' ind2='4' tag='655'><subfield code='a'>Electronic books.</subfield></datafield><datafield ind1='0' ind2=' ' tag='760'><subfield code='t'>Computational biology</subfield><subfield code='w'>(CKB)2660000000009043</subfield><subfield code='w'>(DLC)2015263241</subfield><subfield code='w'>(OCoLC)933760538</subfield><subfield code='x'>1568-2684</subfield></datafield><datafield ind1=' ' ind2=' ' tag='776'><subfield code='z'>1-84996-764-4</subfield></datafield><datafield ind1=' ' ind2=' ' tag='776'><subfield code='z'>1-84800-256-4</subfield></datafield><datafield ind1=' ' ind2='0' tag='830'><subfield code='a'>Computational Biology,</subfield><subfield code='x'>1568-2684 ;</subfield><subfield code='v'>10</subfield></datafield><datafield ind1=' ' ind2=' ' tag='906'><subfield code='a'>BOOK</subfield></datafield><datafield ind1=' ' ind2=' ' tag='ADM'><subfield code='b'>2018-03-30 03:25:40</subfield><subfield code='e'>991000000000746098</subfield><subfield code='d'>NON_SFX</subfield><subfield code='f'>20151204154637.0</subfield><subfield code='a'>2012-02-26 01:04:24</subfield><subfield code='c'>false</subfield></datafield><datafield ind1=' ' ind2=' ' tag='PRT'><subfield code='a'>53366274070003811</subfield><subfield code='b'>https://sandbox01-na.alma.exlibrisgroup.com/view/uresolver/01TULI_INST/openurl?u.ignore_date_coverage=true&amp;rft.mms_id=991036798827203811</subfield><subfield code='e'>Springer Link</subfield><subfield code='9'>Available</subfield><subfield code='c'>SpringerLink Books Complete</subfield><subfield code='h'>611000000000001381</subfield><subfield code='8'>53366274070003811</subfield></datafield></record>