
<record xmlns='http://www.loc.gov/MARC21/slim'><leader>01211cam a2200373 a 4500</leader><controlfield tag='005'>20170826001850.0</controlfield><controlfield tag='008'>080828s2009    ne a     b    001 0 eng  </controlfield><controlfield tag='001'>991036700249703811</controlfield><datafield ind1=' ' ind2=' ' tag='020'><subfield code='a'>9781402088797 (hbk. : alk. paper)</subfield></datafield><datafield ind1=' ' ind2=' ' tag='020'><subfield code='a'>1402088795 (hbk. : alk. paper)</subfield></datafield><datafield ind1=' ' ind2=' ' tag='020'><subfield code='a'>9781402088803 (ebook)</subfield></datafield><datafield ind1=' ' ind2=' ' tag='020'><subfield code='a'>1402088809 (ebook)</subfield></datafield><datafield ind1=' ' ind2=' ' tag='035'><subfield code='a'>(PPT)b41602043-01tuli_inst</subfield></datafield><datafield ind1=' ' ind2=' ' tag='035'><subfield code='a'>(OCoLC)ocn657211356</subfield><subfield code='9'>ExL</subfield></datafield><datafield ind1=' ' ind2=' ' tag='035'><subfield code='a'>(OCoLC)305127488</subfield></datafield><datafield ind1=' ' ind2=' ' tag='035'><subfield code='a'>ocn305127488</subfield></datafield><datafield ind1=' ' ind2=' ' tag='035'><subfield code='a'>(OCLC)ocn305127488</subfield></datafield><datafield ind1=' ' ind2=' ' tag='040'><subfield code='a'>NLM</subfield><subfield code='c'>NLM</subfield><subfield code='d'>UKM</subfield><subfield code='d'>BWX</subfield><subfield code='d'>EMU</subfield><subfield code='d'>YDXCP</subfield><subfield code='d'>PPT</subfield></datafield><datafield ind1=' ' ind2=' ' tag='042'><subfield code='a'>ukblcatcopy</subfield><subfield code='a'>nlmcopyc</subfield></datafield><datafield ind1=' ' ind2=' ' tag='079'><subfield code='a'>ocn305127488</subfield></datafield><datafield ind1=' ' ind2=' ' tag='090'><subfield code='a'>QH324.2</subfield><subfield code='b'>.B5475 2009</subfield></datafield><datafield ind1='0' ind2='0' tag='245'><subfield code='a'>Bioinformatics :</subfield><subfield code='b'>applications in life and environmental sciences /</subfield><subfield code='c'>edited by M.H. Fulekar.</subfield></datafield><datafield ind1=' ' ind2=' ' tag='260'><subfield code='a'>Dordrecht ;</subfield><subfield code='a'>New York :</subfield><subfield code='b'>Springer,</subfield><subfield code='c'>c2009.</subfield></datafield><datafield ind1=' ' ind2=' ' tag='300'><subfield code='a'>vi, 247 p. :</subfield><subfield code='b'>ill. ;</subfield><subfield code='c'>25 cm.</subfield></datafield><datafield ind1=' ' ind2=' ' tag='504'><subfield code='a'>Includes bibliographical references and index.</subfield></datafield><datafield ind1='1' ind2='2' tag='650'><subfield code='a'>Computational Biology.</subfield></datafield><datafield ind1=' ' ind2='0' tag='650'><subfield code='a'>Bioinformatics.</subfield></datafield><datafield ind1='1' ind2=' ' tag='700'><subfield code='a'>Fulekar, M. H.</subfield></datafield><datafield ind1=' ' ind2=' ' tag='902'><subfield code='a'>110512</subfield></datafield><datafield ind1=' ' ind2=' ' tag='907'><subfield code='a'>.b41602043</subfield><subfield code='b'>p    </subfield><subfield code='c'>-</subfield></datafield><datafield ind1=' ' ind2=' ' tag='945'><subfield code='l'>pstk </subfield><subfield code='g'>1</subfield></datafield><datafield ind1=' ' ind2=' ' tag='979'><subfield code='a'>ocn305127488</subfield></datafield><datafield ind1=' ' ind2=' ' tag='998'><subfield code='b'>1</subfield><subfield code='c'>100111</subfield><subfield code='d'>m</subfield><subfield code='e'>a</subfield><subfield code='f'>-</subfield><subfield code='g'>0</subfield></datafield><datafield ind1=' ' ind2=' ' tag='998'><subfield code='a'>01/11/10</subfield><subfield code='s'>OCLC</subfield><subfield code='c'>RM</subfield></datafield><datafield ind1=' ' ind2=' ' tag='ADM'><subfield code='b'>2017-08-26 04:18:50</subfield><subfield code='e'>b41602043-01tuli_inst</subfield><subfield code='d'>ILS</subfield><subfield code='a'>2017-06-20 12:45:47</subfield><subfield code='c'>false</subfield></datafield><datafield ind1='0' ind2=' ' tag='HLD'><subfield code='b'>MAIN</subfield><subfield code='c'>stacks</subfield><subfield code='h'>QH324.2</subfield><subfield code='i'>.B5475 2009</subfield><subfield code='8'>22320378580003811</subfield></datafield><datafield ind1=' ' ind2=' ' tag='ITM'><subfield code='r'>22320378580003811</subfield><subfield code='b'>1</subfield><subfield code='h'>0</subfield><subfield code='g'>stacks</subfield><subfield code='t'>BOOK</subfield><subfield code='9'>39074025604703</subfield><subfield code='e'>stacks</subfield><subfield code='8'>23320378570003811</subfield><subfield code='a'>0</subfield><subfield code='q'>2017-06-20 12:45:47</subfield><subfield code='i'>QH324.2 .B5475 2009</subfield><subfield code='d'>MAIN</subfield><subfield code='f'>MAIN</subfield></datafield></record>