
<record xmlns='http://www.loc.gov/MARC21/slim'><leader>01333nam  22003014a 4500</leader><controlfield tag='001'>991036753441103811</controlfield><controlfield tag='005'>20170809163355.0</controlfield><controlfield tag='006'>m     o  d |      </controlfield><controlfield tag='007'>cr cn|||||||||</controlfield><controlfield tag='008'>080423s2009    nyua    ob    001 0 eng  </controlfield><datafield ind1=' ' ind2=' ' tag='010'><subfield code='z'>  2008018595</subfield></datafield><datafield ind1='7' ind2=' ' tag='016'><subfield code='z'>101472242</subfield><subfield code='2'>DNLM</subfield></datafield><datafield ind1=' ' ind2=' ' tag='020'><subfield code='a'>1-281-78495-8</subfield></datafield><datafield ind1=' ' ind2=' ' tag='020'><subfield code='a'>9786611784959</subfield></datafield><datafield ind1=' ' ind2=' ' tag='020'><subfield code='a'>0-07-163582-3</subfield></datafield><datafield ind1=' ' ind2=' ' tag='020'><subfield code='a'>0-07-159307-1</subfield></datafield><datafield ind1=' ' ind2=' ' tag='035'><subfield code='a'>(CKB)1000000000541363</subfield></datafield><datafield ind1=' ' ind2=' ' tag='035'><subfield code='a'>(SSID)ssj0000111869</subfield></datafield><datafield ind1=' ' ind2=' ' tag='035'><subfield code='a'>(PQKBManifestationID)12026156</subfield></datafield><datafield ind1=' ' ind2=' ' tag='035'><subfield code='a'>(PQKBTitleCode)TC0000111869</subfield></datafield><datafield ind1=' ' ind2=' ' tag='035'><subfield code='a'>(PQKBWorkID)10080845</subfield></datafield><datafield ind1=' ' ind2=' ' tag='035'><subfield code='a'>(PQKB)11087543</subfield></datafield><datafield ind1=' ' ind2=' ' tag='035'><subfield code='a'>(MiAaPQ)EBC4657284</subfield></datafield><datafield ind1=' ' ind2=' ' tag='035'><subfield code='a'>(EXLCZ)991000000000541363</subfield></datafield><datafield ind1=' ' ind2=' ' tag='040'><subfield code='a'>MiAaPQ</subfield><subfield code='c'>MiAaPQ</subfield><subfield code='d'>MiAaPQ</subfield></datafield><datafield ind1=' ' ind2=' ' tag='041'><subfield code='a'>eng</subfield></datafield><datafield ind1=' ' ind2='4' tag='050'><subfield code='a'>QH324.2</subfield><subfield code='b'>.S53 2009</subfield></datafield><datafield ind1=' ' ind2=' ' tag='082'><subfield code='a'>572.80285</subfield></datafield><datafield ind1='1' ind2=' ' tag='100'><subfield code='a'>Sharma, Kal Renganathan.</subfield></datafield><datafield ind1='1' ind2='0' tag='245'><subfield code='a'>Bioinformatics</subfield><subfield code='h'>[electronic resource] :</subfield><subfield code='b'>sequence alignment and Markov models /</subfield><subfield code='c'>Kal Renganathan Sharma.</subfield></datafield><datafield ind1=' ' ind2=' ' tag='260'><subfield code='a'>New York :</subfield><subfield code='b'>McGraw-Hill,</subfield><subfield code='c'>c2009.</subfield></datafield><datafield ind1=' ' ind2=' ' tag='300'><subfield code='a'>xvi, 320 p. :</subfield><subfield code='b'>ill.</subfield></datafield><datafield ind1=' ' ind2=' ' tag='336'><subfield code='a'>text</subfield><subfield code='b'>txt</subfield></datafield><datafield ind1=' ' ind2=' ' tag='337'><subfield code='a'>computer</subfield><subfield code='b'>c</subfield></datafield><datafield ind1=' ' ind2=' ' tag='338'><subfield code='a'>online resource</subfield><subfield code='b'>cr</subfield></datafield><datafield ind1=' ' ind2=' ' tag='500'><subfield code='a'>Bibliographic Level Mode of Issuance: Monograph</subfield></datafield><datafield ind1=' ' ind2=' ' tag='546'><subfield code='a'>English</subfield></datafield><datafield ind1=' ' ind2=' ' tag='504'><subfield code='a'>Includes bibliographical references and index.</subfield></datafield><datafield ind1='0' ind2=' ' tag='505'><subfield code='a'>Preliminaries -- Alignment of a pair of sequences -- Sequence representation and string algorithms -- Multiple-sequence alignment -- Hidden Markov models and applications -- Gene finding, protein secondary structure -- Biochips -- Electrophoretic techniques and finite speed of diffusion.</subfield></datafield><datafield ind1=' ' ind2='0' tag='650'><subfield code='a'>Bioinformatics.</subfield></datafield><datafield ind1=' ' ind2='0' tag='650'><subfield code='a'>Markov processes.</subfield></datafield><datafield ind1=' ' ind2='4' tag='655'><subfield code='a'>Electronic books.</subfield></datafield><datafield ind1=' ' ind2=' ' tag='776'><subfield code='z'>0-07-159306-3</subfield></datafield><datafield ind1=' ' ind2=' ' tag='906'><subfield code='a'>BOOK</subfield></datafield><datafield ind1=' ' ind2=' ' tag='ADM'><subfield code='b'>2017-11-24 18:33:27</subfield><subfield code='e'>991000000000541363</subfield><subfield code='d'>NON_SFX</subfield><subfield code='f'>20160803134623.0</subfield><subfield code='a'>2012-02-25 22:41:22</subfield><subfield code='c'>false</subfield></datafield><datafield ind1=' ' ind2=' ' tag='PRT'><subfield code='a'>53354842880003811</subfield><subfield code='b'>https://sandbox01-na.alma.exlibrisgroup.com/view/uresolver/01TULI_INST/openurl?u.ignore_date_coverage=true&amp;rft.mms_id=991036753441103811</subfield><subfield code='e'>McGraw Hill Access</subfield><subfield code='9'>Available</subfield><subfield code='c'>McGraw-Hill&apos;s AccessEngineering</subfield><subfield code='h'>611000000000002556</subfield><subfield code='8'>53354842880003811</subfield></datafield></record>