
<record xmlns='http://www.loc.gov/MARC21/slim'><leader>07047nam a22005295i 4500</leader><controlfield tag='001'>991036799074503811</controlfield><controlfield tag='005'>20170918220524.0</controlfield><controlfield tag='006'>m     o  d |      </controlfield><controlfield tag='007'>cr -n---------</controlfield><controlfield tag='008'>100715s2009    xxu|    o    |||| 0|eng d</controlfield><datafield ind1=' ' ind2=' ' tag='010'><subfield code='z'>  2009927717</subfield></datafield><datafield ind1=' ' ind2=' ' tag='020'><subfield code='a'>1-280-38251-1</subfield></datafield><datafield ind1=' ' ind2=' ' tag='020'><subfield code='a'>9786613560421</subfield></datafield><datafield ind1=' ' ind2=' ' tag='020'><subfield code='a'>0-387-92738-7</subfield></datafield><datafield ind1='7' ind2=' ' tag='024'><subfield code='a'>10.1007/978-0-387-92738-1</subfield><subfield code='2'>doi</subfield></datafield><datafield ind1=' ' ind2=' ' tag='035'><subfield code='a'>(CKB)2670000000007185</subfield></datafield><datafield ind1=' ' ind2=' ' tag='035'><subfield code='a'>(EBL)3064533</subfield></datafield><datafield ind1=' ' ind2=' ' tag='035'><subfield code='a'>(SSID)ssj0000316479</subfield></datafield><datafield ind1=' ' ind2=' ' tag='035'><subfield code='a'>(PQKBManifestationID)11248155</subfield></datafield><datafield ind1=' ' ind2=' ' tag='035'><subfield code='a'>(PQKBTitleCode)TC0000316479</subfield></datafield><datafield ind1=' ' ind2=' ' tag='035'><subfield code='a'>(PQKBWorkID)10275122</subfield></datafield><datafield ind1=' ' ind2=' ' tag='035'><subfield code='a'>(PQKB)10120483</subfield></datafield><datafield ind1=' ' ind2=' ' tag='035'><subfield code='a'>(DE-He213)978-0-387-92738-1</subfield></datafield><datafield ind1=' ' ind2=' ' tag='035'><subfield code='a'>(MiAaPQ)EBC3064533</subfield></datafield><datafield ind1=' ' ind2=' ' tag='035'><subfield code='a'>(EXLCZ)992670000000007185</subfield></datafield><datafield ind1=' ' ind2=' ' tag='040'><subfield code='a'>MiAaPQ</subfield><subfield code='c'>MiAaPQ</subfield><subfield code='d'>MiAaPQ</subfield></datafield><datafield ind1=' ' ind2=' ' tag='041'><subfield code='a'>eng</subfield></datafield><datafield ind1=' ' ind2='4' tag='050'><subfield code='a'>QH345</subfield></datafield><datafield ind1=' ' ind2='4' tag='050'><subfield code='a'>QD415-436</subfield></datafield><datafield ind1=' ' ind2='7' tag='072'><subfield code='a'>PSB</subfield><subfield code='2'>bicssc</subfield></datafield><datafield ind1=' ' ind2='7' tag='072'><subfield code='a'>SCI007000</subfield><subfield code='2'>bisacsh</subfield></datafield><datafield ind1='0' ind2='0' tag='082'><subfield code='a'>572.80285</subfield></datafield><datafield ind1='1' ind2=' ' tag='100'><subfield code='a'>Edwards, David,</subfield><subfield code='d'>1967-</subfield></datafield><datafield ind1='1' ind2='0' tag='245'><subfield code='a'>Bioinformatics</subfield><subfield code='h'>[electronic resource] :</subfield><subfield code='b'>Tools and Applications /</subfield><subfield code='c'>edited by David Edwards, Jason Stajich, David Hansen.</subfield></datafield><datafield ind1=' ' ind2='1' tag='264'><subfield code='a'>New York, NY :</subfield><subfield code='b'>Springer New York,</subfield><subfield code='c'>2009.</subfield></datafield><datafield ind1=' ' ind2=' ' tag='300'><subfield code='a'>1 online resource (449 p.)</subfield></datafield><datafield ind1=' ' ind2=' ' tag='336'><subfield code='a'>text</subfield><subfield code='b'>txt</subfield></datafield><datafield ind1=' ' ind2=' ' tag='337'><subfield code='a'>computer</subfield><subfield code='b'>c</subfield></datafield><datafield ind1=' ' ind2=' ' tag='338'><subfield code='a'>online resource</subfield><subfield code='b'>cr</subfield></datafield><datafield ind1=' ' ind2=' ' tag='347'><subfield code='a'>text file</subfield><subfield code='b'>PDF</subfield><subfield code='2'>rda</subfield></datafield><datafield ind1=' ' ind2=' ' tag='500'><subfield code='a'>Description based upon print version of record.</subfield></datafield><datafield ind1=' ' ind2=' ' tag='546'><subfield code='a'>English</subfield></datafield><datafield ind1=' ' ind2=' ' tag='504'><subfield code='a'>Includes bibliographical references and index.</subfield></datafield><datafield ind1='0' ind2=' ' tag='505'><subfield code='a'>DNA Sequence Databases -- Sequence Comparison Tools -- Genome Browsers -- Predicting Non-coding RNA Transcripts -- Gene Prediction Methods -- Gene Annotation Methods -- Regulatory Motif Analysis -- Molecular Marker Discovery and Genetic Map Visualisation -- Sequence Based Gene Expression Analysis -- Protein Sequence Databases -- Protein Structure Prediction -- Classification of Information About Proteins -- High-Throughput Plant Phenotyping – Data Acquisition, Transformation, and Analysis -- Phenome Analysis of Microorganisms -- Standards for Functional Genomics -- Literature Databases -- Advanced Literature-Mining Tools -- Data and Databases -- Programming Languages.</subfield></datafield><datafield ind1=' ' ind2=' ' tag='520'><subfield code='a'>Biology has progressed tremendously in the last decade due in part to the increased automation in the generation of data from sequences to genotypes to phenotypes. Biology is now very much an information science and bioinformatics provides the means to connect biological data to hypotheses. Bioinformatics: Tools and Applications provides up-to-date descriptions of the various areas of applied bioinformatics, from the analysis of sequence, literature, and functional data to the function and evolution of organisms. The ability to process and interpret large volumes of data is essential with the application of new high throughput DNA sequencers providing an overload of sequence data. Initial chapters provide an introduction to the analysis of DNA and protein sequences, from motif detection to gene prediction and annotation, with specific chapters on DNA and protein databases as well as data visualization. Additional chapters focus on gene expression analysis from the perspective of traditional microarrays and more recent sequence based approaches, followed by an introduction to the evolving field of phenomics, with specific chapters detailing advances in plant and microbial phenome analysis and a chapter dealing with the important issue of standards for functional genomics. Further chapters present the area of literature databases and associated mining tools which are becoming increasingly essential to interpret the vast volume of published biological information, while the final chapters present bioinformatics purely from a developers point of view, describing the various data and databases as well as common programming languages used for bioinformatics applications. These chapters provide an introduction and motivation to further avenues for implementation. Together, this volume aims to provide a resource for biology students wanting a greater understanding of the encroaching area of bioinformatics, as well as computer scientists who are interested learning more about the field of applied bioinformatics. David Edwards gained an Honours degree in agriculture from the University of Nottingham in 1989 and a PhD from the Department of Plant Science, University of Cambridge, UK in 1997. He has held positions within academia (University of Adelaide, Australia; University of Cambridge, UK; and McGill University, Canada), government (Long Ashton Research Centre, UK, Department of Primary Industries, Victoria, Australia) and industry (ICI seeds, UK). David is currently a Principle Research Fellow at the University of Queensland, Australia and leads the bioinformatics group within the Australian Centre for Plant Functional Genomics. David’s areas of interest include applied agricultural biotechnology; the structure and expression of plant genomes; the discovery and application of molecular genetic markers; and applied bioinformatics, with a focus on wheat, barley and Brassica crops. David Hansen has a Bachelor of Science in Chemistry from the University of Queensland, Brisbane and a PhD in statistical physics from Australian National University. After developing bioinformatics tools at the Wiezmann Institute of Science, Israel and European Bioinformatics Institute, Cambridge, David led the research and development of the SRS genomic data and tool integration software at LION bioscience in Cambridge from 1998 to 2004. David is now a Principal Research Scientist at the CSIRO Australian E-Health Research Centre and leads many research projects in e-Health aimed at improving the collection and use of information relevant to patient health. These research projects are in the areas of health data integration and clinical terminologies, biomedical imaging and remote patient monitoring. Jason Stajich earned a Bachelor of Science in Computer Science from Duke University in Durham, NC in 1999 and worked as a programmer for the Center for Human Genetics at Duke University Medical Center for two years assisting in building systems supporting human disease gene mapping research. He completed a PhD in Genetics and Genomics from Duke University in 2006 followed by postdoctoral training at the University of California, Berkeley on fellowship from the Miller Institute for Basic Research in Science. Jason is currently an Assistant Professor of Bioinformatics in the Department of Plant Pathology and Microbiology at the University of California, Riverside. Jason’s research focuses on the evolution of fungi studying change at gene and genome scale among populations and across the kingdom employing computational and comparative approaches. He is interested in the emergence and evolution of pathogens and the evolution of development and forms in multicellular fungi.</subfield></datafield><datafield ind1=' ' ind2='0' tag='650'><subfield code='a'>Bioinformatics.</subfield></datafield><datafield ind1=' ' ind2='0' tag='650'><subfield code='a'>Biology</subfield><subfield code='x'>Data processing.</subfield></datafield><datafield ind1=' ' ind2='4' tag='655'><subfield code='a'>Electronic books.</subfield></datafield><datafield ind1=' ' ind2=' ' tag='776'><subfield code='z'>0-387-92737-9</subfield></datafield><datafield ind1='1' ind2=' ' tag='700'><subfield code='a'>Edwards, David.</subfield><subfield code='e'>editor.</subfield></datafield><datafield ind1='1' ind2=' ' tag='700'><subfield code='a'>Stajich, Jason.</subfield><subfield code='e'>editor.</subfield></datafield><datafield ind1='1' ind2=' ' tag='700'><subfield code='a'>Hansen, David.</subfield><subfield code='e'>editor.</subfield></datafield><datafield ind1=' ' ind2=' ' tag='906'><subfield code='a'>BOOK</subfield></datafield><datafield ind1=' ' ind2=' ' tag='ADM'><subfield code='b'>2018-02-22 12:34:29</subfield><subfield code='e'>992670000000007185</subfield><subfield code='d'>NON_SFX</subfield><subfield code='f'>20151204152049.0</subfield><subfield code='a'>2012-02-25 22:44:53</subfield><subfield code='c'>false</subfield></datafield><datafield ind1=' ' ind2=' ' tag='PRT'><subfield code='a'>53366301050003811</subfield><subfield code='b'>https://sandbox01-na.alma.exlibrisgroup.com/view/uresolver/01TULI_INST/openurl?u.ignore_date_coverage=true&amp;rft.mms_id=991036799074503811</subfield><subfield code='e'>Springer Link</subfield><subfield code='9'>Available</subfield><subfield code='c'>SpringerLink Books Complete</subfield><subfield code='h'>611000000000001381</subfield><subfield code='8'>53366301050003811</subfield></datafield></record>