
<record xmlns='http://www.loc.gov/MARC21/slim'><leader>01909cam a22003974a 4500</leader><controlfield tag='005'>20061121034949.0</controlfield><controlfield tag='008'>051007s2006    nyua     b    001 0 eng  </controlfield><controlfield tag='001'>991014324589703811</controlfield><datafield ind1=' ' ind2=' ' tag='010'><subfield code='a'>2005029453</subfield></datafield><datafield ind1=' ' ind2=' ' tag='020'><subfield code='a'>0521840988 (hardback)</subfield></datafield><datafield ind1=' ' ind2=' ' tag='020'><subfield code='a'>9780521840989 (hardback)</subfield></datafield><datafield ind1=' ' ind2=' ' tag='020'><subfield code='a'>0521600820 (pbk.)</subfield></datafield><datafield ind1=' ' ind2=' ' tag='020'><subfield code='a'>9780521600828 (pbk.)</subfield></datafield><datafield ind1='3' ind2=' ' tag='024'><subfield code='a'>9780521840989</subfield></datafield><datafield ind1='3' ind2=' ' tag='024'><subfield code='a'>9780521600828</subfield></datafield><datafield ind1=' ' ind2=' ' tag='035'><subfield code='a'>(PPT)b30592422-01tuli_inst</subfield></datafield><datafield ind1=' ' ind2=' ' tag='035'><subfield code='a'>(OCoLC)62078278</subfield><subfield code='9'>ExL</subfield></datafield><datafield ind1=' ' ind2=' ' tag='040'><subfield code='a'>DNLM/DLC</subfield><subfield code='c'>DLC</subfield><subfield code='d'>YDX</subfield><subfield code='d'>NLM</subfield><subfield code='d'>BAKER</subfield><subfield code='d'>IXA</subfield><subfield code='d'>MUQ</subfield><subfield code='d'>TMY</subfield></datafield><datafield ind1=' ' ind2=' ' tag='042'><subfield code='a'>pcc</subfield></datafield><datafield ind1=' ' ind2=' ' tag='049'><subfield code='a'>TMYM</subfield></datafield><datafield ind1='0' ind2='0' tag='050'><subfield code='a'>QH324.2</subfield><subfield code='b'>.X56 2006</subfield></datafield><datafield ind1=' ' ind2=' ' tag='096'><subfield code='a'>QU 26.5</subfield><subfield code='b'>X6e 2006</subfield></datafield><datafield ind1='1' ind2=' ' tag='100'><subfield code='a'>Xiong, Jin.</subfield></datafield><datafield ind1='1' ind2='0' tag='245'><subfield code='a'>Essential bioinformatics /</subfield><subfield code='c'>Jin Xiong.</subfield></datafield><datafield ind1=' ' ind2=' ' tag='260'><subfield code='a'>New York :</subfield><subfield code='b'>Cambridge University Press,</subfield><subfield code='c'>2006.</subfield></datafield><datafield ind1=' ' ind2=' ' tag='300'><subfield code='a'>xi, 339 p. :</subfield><subfield code='b'>ill. (some col.) ;</subfield><subfield code='c'>27 cm.</subfield></datafield><datafield ind1=' ' ind2=' ' tag='504'><subfield code='a'>Includes bibliographical references and index.</subfield></datafield><datafield ind1='0' ind2=' ' tag='505'><subfield code='a'>Introduction to biological databases -- Pairwise sequence alignment -- Database similarity searching -- Multiple sequence alignment -- Profiles and hidden Markov models -- Protein motifs and domain prediction -- Gene prediction -- Promoter and regulatory element prediction -- Phylogenetics basics -- Phylogenetic tree construction methods and programs -- Protein structure basics -- Protein structure visualization, comparision, and classification -- Protein secondary structure prediction -- Protein tertiary structure prediction -- RNA structure prediction -- Genome mapping, assembly, and comparison -- Functional genomics -- Proteomics.</subfield></datafield><datafield ind1=' ' ind2='0' tag='650'><subfield code='a'>Bioinformatics.</subfield></datafield><datafield ind1='1' ind2='2' tag='650'><subfield code='a'>Computational Biology.</subfield></datafield><datafield ind1='4' ind2='1' tag='856'><subfield code='3'>Table of contents only</subfield><subfield code='u'>http://www.loc.gov/catdir/toc/ecip061/2005029453.html</subfield></datafield><datafield ind1='4' ind2='2' tag='856'><subfield code='3'>Publisher description</subfield><subfield code='u'>http://www.loc.gov/catdir/enhancements/fy0659/2005029453-d.html</subfield></datafield><datafield ind1=' ' ind2=' ' tag='907'><subfield code='a'>.b30592422</subfield><subfield code='b'>hk   </subfield><subfield code='c'>-</subfield></datafield><datafield ind1=' ' ind2=' ' tag='902'><subfield code='a'>071009</subfield></datafield><datafield ind1=' ' ind2=' ' tag='998'><subfield code='b'>1</subfield><subfield code='c'>070901</subfield><subfield code='d'>m</subfield><subfield code='e'>a</subfield><subfield code='f'>-</subfield><subfield code='g'>0</subfield></datafield><datafield ind1=' ' ind2=' ' tag='998'><subfield code='b'>1</subfield><subfield code='c'>070901</subfield><subfield code='d'>m</subfield><subfield code='e'>a</subfield><subfield code='f'>-</subfield><subfield code='g'>0</subfield></datafield><datafield ind1=' ' ind2=' ' tag='945'><subfield code='l'>hkbst</subfield><subfield code='g'>1</subfield></datafield><datafield ind1=' ' ind2=' ' tag='ADM'><subfield code='e'>b30592422-01tuli_inst</subfield><subfield code='d'>ILS</subfield><subfield code='a'>2017-06-20 14:03:49</subfield><subfield code='c'>false</subfield></datafield><datafield ind1='2' ind2=' ' tag='HLD'><subfield code='b'>GINSBURG</subfield><subfield code='c'>stacks</subfield><subfield code='h'>QU 26.5</subfield><subfield code='i'>X6e 2006</subfield><subfield code='8'>22329087280003811</subfield></datafield><datafield ind1=' ' ind2=' ' tag='ITM'><subfield code='r'>22329087280003811</subfield><subfield code='b'>1</subfield><subfield code='h'>2</subfield><subfield code='g'>stacks</subfield><subfield code='t'>BOOK</subfield><subfield code='9'>39074500310073</subfield><subfield code='e'>stacks</subfield><subfield code='8'>23329087270003811</subfield><subfield code='a'>0</subfield><subfield code='q'>2017-06-20 14:03:49</subfield><subfield code='i'>QU 26.5 X6e 2006</subfield><subfield code='d'>GINSBURG</subfield><subfield code='f'>GINSBURG</subfield></datafield></record>