
<record xmlns='http://www.loc.gov/MARC21/slim'><leader>04430nam a2200349 a 4500</leader><controlfield tag='006'>m|||||||||||||||||</controlfield><controlfield tag='007'>cr||n||||||||n</controlfield><controlfield tag='008'>150120s2005||||nyu|||||s|||||||||||eng||</controlfield><controlfield tag='001'>991011246549703811</controlfield><datafield ind1=' ' ind2=' ' tag='020'><subfield code='a'>9780070583207</subfield></datafield><datafield ind1=' ' ind2=' ' tag='020'><subfield code='a'>007058320X</subfield></datafield><datafield ind1=' ' ind2=' ' tag='035'><subfield code='a'>(PPT)b5823052x-01tuli_inst</subfield></datafield><datafield ind1=' ' ind2=' ' tag='035'><subfield code='a'>scn00100120</subfield><subfield code='9'>ExL</subfield></datafield><datafield ind1=' ' ind2=' ' tag='090'><subfield code='a'>QH324.2.B171 2005eb</subfield></datafield><datafield ind1='1' ind2=' ' tag='100'><subfield code='a'>Bal, Harshawardhan P., </subfield><subfield code='e'>author.</subfield></datafield><datafield ind1='1' ind2='0' tag='245'><subfield code='a'>Bioinformatics </subfield><subfield code='h'>[electronic resource] : </subfield><subfield code='b'>principles and applications / </subfield><subfield code='c'>by Harshawardhan P. Bal.</subfield></datafield><datafield ind1=' ' ind2=' ' tag='260'><subfield code='a'>New York, N.Y. : </subfield><subfield code='b'>McGraw-Hill Education LLC., </subfield><subfield code='c'>c2005.</subfield></datafield><datafield ind1=' ' ind2=' ' tag='300'><subfield code='a'>xiii, 217 p. : </subfield><subfield code='b'>ill., figs., tables.</subfield></datafield><datafield ind1='1' ind2=' ' tag='490'><subfield code='a'>McGraw-Hill&apos;s AccessEngineering</subfield></datafield><datafield ind1=' ' ind2=' ' tag='504'><subfield code='a'>Includes bibliographical references and indexes.</subfield></datafield><datafield ind1='0' ind2=' ' tag='505'><subfield code='a'>A. Author&apos;s profile -- B. Dedication -- C. Preface -- D. Acknowledgements -- A. Part one: principles -- 1. Web-based sequence analysis: blast i -- Basic local alignment search tool (blast) -- The purpose of blast -- Terminology -- Blast analysis -- Blast2 -- Automated alignments with perl -- Assignments -- Appendix i -- References -- 2. Web-based sequence analysis: blast ii -- Basic local alignment search tool (blast) -- Scoring matrices -- Pam or per cent accepted mutation matrices -- Blosum (blocks substitution matrices) -- The relationship between blosum and pam substitution matrices -- Working of the blast algorithm -- A practical blastn exercise -- Explanation of the blast output -- Advanced blastn -- Biological analysis of blastn: cystic fibrosis -- Automating blast analyses with perl -- Assignments -- 3. Web-based sequence analysis: blast iii -- Standalone blast -- Configuring blastall -- Downloading databases from ncbi -- Formatting ncbi&apos;s databases -- Running blastall -- Downloading pre-formatted databases -- Fastacmd -- Bl2seq -- Performing local blast searches with perl -- Sequence annotation -- Assignments -- 4. Web-based sequence analysis: gene prediction -- Introduction -- Terminology and concepts -- Gene prediction programs -- Genscan -- Running genscan analyses -- Analyzing genscan output -- Genscan analysis with lwp::useragent -- Assignments -- 5. Web-based sequence analysis: hmmer -- Introduction -- Downloading hmmer -- Why use hmmer? -- Running hmmer commands -- Hmmer: a practical example -- Hmmer utilities -- Assignments -- References -- 6. Psi-blast -- Introduction -- Psi-blast and protein analysis -- When is psi-blast better than blastp? -- The design of psi-blast -- Advantages of psi-blast -- Limitations of psi-blast -- Example of a psi-blast search -- Assignments -- B. Part two: applications -- 7. Accessing sequence information using bioperl -- Bioperl installation -- Bioperl modules -- Object oriented programming -- Using bioperl -- The write_seq() function -- Assignments -- Appendix i: installing external modules -- Appendix ii: upgrading bioperl -- Appendix iii: testing for availability of individual modules -- 8. Bio::db::genbank -- Introduction -- Structure of a genbank record -- The bio::db::genbank module -- Assignments -- 9. Accessing genbank data -- Introduction -- Genbank tags -- Extracting tags and their values -- Sample scripts -- Assignments -- 10. Bioperl blast modules -- Introduction -- Blast programs -- Blast2 -- Perl modules for blast2 -- Using bioperl for blast2 -- Standalone blast -- Configuring blastall -- Bio::tools::run::standaloneblast -- Performing blast searches -- Formatting ncbi&apos;s databases -- Running blastall -- Running blast with bio::tools::run::standaloneblast -- Assignments -- 11. Parsing blast output -- Generating a raw blast report -- The bio::tools::blast module -- Parsing the hpr blast report -- Specifying a filter function -- Formatting parsing results into a table or html -- Assignments.</subfield></datafield><datafield ind1=' ' ind2=' ' tag='530'><subfield code='a'>Also issued in online version.</subfield></datafield><datafield ind1=' ' ind2=' ' tag='588'><subfield code='a'>Description based on cover image and table of contents, viewed on Jan. 20, 2015.</subfield></datafield><datafield ind1=' ' ind2=' ' tag='590'><subfield code='a'>Access is available to the Temple Community through use of a networked computer with a Temple IP address.</subfield></datafield><datafield ind1=' ' ind2='0' tag='650'><subfield code='a'>Bioinformatics.</subfield></datafield><datafield ind1=' ' ind2='0' tag='650'><subfield code='a'>Computational Biology.</subfield></datafield><datafield ind1=' ' ind2='0' tag='655'><subfield code='a'>Electronic books.</subfield></datafield><datafield ind1=' ' ind2='0' tag='830'><subfield code='a'>McGraw-Hill&apos;s AccessEngineering.</subfield></datafield><datafield ind1='4' ind2='0' tag='856'><subfield code='z'>Access full text online.</subfield><subfield code='u'>http://libproxy.temple.edu/login?url=http://accessengineeringlibrary.com/browse/bioinformatics-principles-and-applications</subfield></datafield><datafield ind1=' ' ind2=' ' tag='907'><subfield code='a'>.b5823052x</subfield><subfield code='b'>w    </subfield><subfield code='c'>-</subfield></datafield><datafield ind1=' ' ind2=' ' tag='902'><subfield code='a'>150828</subfield></datafield><datafield ind1=' ' ind2=' ' tag='998'><subfield code='b'>1</subfield><subfield code='c'>150830</subfield><subfield code='d'>m</subfield><subfield code='e'>@</subfield><subfield code='f'>-</subfield><subfield code='g'>0</subfield></datafield><datafield ind1=' ' ind2=' ' tag='902'><subfield code='a'>AccessEngineering 2015-08-27</subfield></datafield><datafield ind1=' ' ind2=' ' tag='945'><subfield code='l'>w    </subfield><subfield code='g'>1</subfield></datafield><datafield ind1=' ' ind2=' ' tag='ADM'><subfield code='e'>b5823052x-01tuli_inst</subfield><subfield code='d'>ILS</subfield><subfield code='a'>2017-06-20 13:54:55</subfield><subfield code='c'>false</subfield></datafield><datafield ind1=' ' ind2=' ' tag='PRT'><subfield code='a'>53383997790003811</subfield><subfield code='b'>https://sandbox01-na.alma.exlibrisgroup.com/view/uresolver/01TULI_INST/openurl?u.ignore_date_coverage=true&amp;rft.mms_id=991011246549703811</subfield><subfield code='f'>Access full text online.</subfield><subfield code='9'>Available</subfield><subfield code='d'>MAIN</subfield><subfield code='c'>Access Engineering</subfield><subfield code='8'>53383997790003811</subfield></datafield></record>