
<record xmlns='http://www.loc.gov/MARC21/slim'><leader>01453nam a2200397 a 4500</leader><controlfield tag='005'>20170825175506.0</controlfield><controlfield tag='008'>040426s2004    nyua     b    001 0 eng d</controlfield><controlfield tag='001'>991000256269703811</controlfield><datafield ind1=' ' ind2=' ' tag='010'><subfield code='a'>2004299190</subfield></datafield><datafield ind1=' ' ind2=' ' tag='020'><subfield code='a'>0470848391</subfield></datafield><datafield ind1=' ' ind2=' ' tag='035'><subfield code='a'>(PPT)b27056028-01tuli_inst</subfield></datafield><datafield ind1=' ' ind2=' ' tag='035'><subfield code='a'>(CStRLIN)ocn490339432</subfield><subfield code='9'>ExL</subfield></datafield><datafield ind1=' ' ind2=' ' tag='035'><subfield code='a'>PPTb27056028</subfield></datafield><datafield ind1=' ' ind2=' ' tag='035'><subfield code='a'>ocm54982066</subfield></datafield><datafield ind1=' ' ind2=' ' tag='035'><subfield code='a'>(OCLC)ocm54982066</subfield></datafield><datafield ind1=' ' ind2=' ' tag='040'><subfield code='a'>UKM</subfield><subfield code='c'>UKM</subfield><subfield code='d'>OCLCQ</subfield><subfield code='d'>AGL</subfield><subfield code='d'>IXA</subfield><subfield code='d'>VPI</subfield><subfield code='d'>CUX</subfield><subfield code='d'>DLC</subfield></datafield><datafield ind1=' ' ind2=' ' tag='042'><subfield code='a'>lccopycat</subfield></datafield><datafield ind1=' ' ind2=' ' tag='079'><subfield code='a'>ocm54982066</subfield></datafield><datafield ind1=' ' ind2=' ' tag='090'><subfield code='a'>QD431.25.S85</subfield><subfield code='b'>E53 2004</subfield></datafield><datafield ind1='1' ind2=' ' tag='100'><subfield code='a'>Eidhammer, Ingvar.</subfield></datafield><datafield ind1='1' ind2='0' tag='245'><subfield code='a'>Protein bioinformatics :</subfield><subfield code='b'>an algorithmic approach to sequence and structure analysis /</subfield><subfield code='c'>Ingvar Eidhammer and Inge Jonassen, William R. Taylor.</subfield></datafield><datafield ind1=' ' ind2=' ' tag='260'><subfield code='a'>New York ;</subfield><subfield code='a'>Chichester :</subfield><subfield code='b'>J. Wiley &amp; Sons,</subfield><subfield code='c'>c2004.</subfield></datafield><datafield ind1=' ' ind2=' ' tag='300'><subfield code='a'>xviii, 355 p. :</subfield><subfield code='b'>ill. ;</subfield><subfield code='c'>24 cm.</subfield></datafield><datafield ind1=' ' ind2=' ' tag='504'><subfield code='a'>Includes bibliographical references (p. 337-348) and index.</subfield></datafield><datafield ind1=' ' ind2='0' tag='650'><subfield code='a'>Proteins</subfield><subfield code='x'>Structure.</subfield></datafield><datafield ind1=' ' ind2='0' tag='650'><subfield code='a'>Bioinformatics.</subfield></datafield><datafield ind1='1' ind2=' ' tag='700'><subfield code='a'>Jonassen, Inge.</subfield></datafield><datafield ind1='1' ind2=' ' tag='700'><subfield code='a'>Taylor, W. R.</subfield><subfield code='q'>(Willie R.)</subfield></datafield><datafield ind1='4' ind2='1' tag='856'><subfield code='z'>Access Table of contents.</subfield><subfield code='u'>http://www.loc.gov/catdir/toc/wiley041/2004299190.html</subfield></datafield><datafield ind1='4' ind2='2' tag='856'><subfield code='z'>Access description provided by publisher.</subfield><subfield code='u'>http://www.loc.gov/catdir/description/wiley041/2004299190.html</subfield></datafield><datafield ind1=' ' ind2=' ' tag='902'><subfield code='a'>110512</subfield></datafield><datafield ind1=' ' ind2=' ' tag='907'><subfield code='a'>.b27056028</subfield><subfield code='b'>multi</subfield><subfield code='c'>-</subfield></datafield><datafield ind1=' ' ind2=' ' tag='945'><subfield code='l'>pstk </subfield><subfield code='g'>1</subfield></datafield><datafield ind1=' ' ind2=' ' tag='979'><subfield code='a'>ocm54982066</subfield></datafield><datafield ind1=' ' ind2=' ' tag='998'><subfield code='b'>1</subfield><subfield code='c'>040824</subfield><subfield code='d'>m</subfield><subfield code='e'>a</subfield><subfield code='f'>-</subfield><subfield code='g'>0</subfield></datafield><datafield ind1=' ' ind2=' ' tag='998'><subfield code='a'>08/24/04</subfield><subfield code='s'>LC</subfield><subfield code='c'>RM</subfield></datafield><datafield ind1=' ' ind2=' ' tag='ADM'><subfield code='b'>2017-08-25 21:55:06</subfield><subfield code='e'>b27056028-01tuli_inst</subfield><subfield code='d'>ILS</subfield><subfield code='a'>2017-06-20 06:28:47</subfield><subfield code='c'>false</subfield></datafield><datafield ind1='0' ind2=' ' tag='HLD'><subfield code='b'>MAIN</subfield><subfield code='c'>stacks</subfield><subfield code='h'>QD431.25.S85</subfield><subfield code='i'>E53 2004</subfield><subfield code='8'>22248535210003811</subfield></datafield><datafield ind1=' ' ind2=' ' tag='ITM'><subfield code='r'>22248535210003811</subfield><subfield code='b'>1</subfield><subfield code='h'>0</subfield><subfield code='g'>stacks</subfield><subfield code='t'>BOOK</subfield><subfield code='9'>39074016722761</subfield><subfield code='e'>stacks</subfield><subfield code='8'>23248535200003811</subfield><subfield code='a'>0</subfield><subfield code='q'>2017-06-20 06:28:47</subfield><subfield code='i'>QD431.25.S85 E53 2004</subfield><subfield code='d'>MAIN</subfield><subfield code='f'>MAIN</subfield></datafield></record>