
<record xmlns='http://www.loc.gov/MARC21/slim'><leader>01194nam a2200373 a 4500</leader><controlfield tag='005'>20170825174906.0</controlfield><controlfield tag='008'>021014s2002    enka     b    001 0 eng  </controlfield><controlfield tag='001'>991034034009703811</controlfield><datafield ind1=' ' ind2=' ' tag='020'><subfield code='a'>1859962726</subfield></datafield><datafield ind1=' ' ind2=' ' tag='035'><subfield code='a'>(PPT)b26249765-01tuli_inst</subfield></datafield><datafield ind1=' ' ind2=' ' tag='035'><subfield code='a'>(CStRLIN)ocn489460300</subfield><subfield code='9'>ExL</subfield></datafield><datafield ind1=' ' ind2=' ' tag='035'><subfield code='a'>PPTb26249765</subfield></datafield><datafield ind1=' ' ind2=' ' tag='035'><subfield code='a'>ocm49639379</subfield></datafield><datafield ind1=' ' ind2=' ' tag='035'><subfield code='a'>(OCLC)ocm49639379</subfield></datafield><datafield ind1=' ' ind2=' ' tag='040'><subfield code='a'>UKM</subfield><subfield code='c'>UKM</subfield><subfield code='d'>TXA</subfield><subfield code='d'>PU</subfield><subfield code='d'>PPT</subfield></datafield><datafield ind1=' ' ind2=' ' tag='079'><subfield code='a'>ocm49639379</subfield></datafield><datafield ind1=' ' ind2=' ' tag='090'><subfield code='a'>QH324.2</subfield><subfield code='b'>.W478x 2002</subfield></datafield><datafield ind1='1' ind2=' ' tag='100'><subfield code='a'>Westhead, David R.</subfield></datafield><datafield ind1='1' ind2='0' tag='245'><subfield code='a'>Bioinformatics /</subfield><subfield code='c'>David R. Westhead, J. Howard Parish and Richard M. Twyman.</subfield></datafield><datafield ind1=' ' ind2=' ' tag='260'><subfield code='a'>Oxford :</subfield><subfield code='b'>BIOS,</subfield><subfield code='c'>2002.</subfield></datafield><datafield ind1=' ' ind2=' ' tag='300'><subfield code='a'>viii, 257 p. :</subfield><subfield code='b'>ill. ;</subfield><subfield code='c'>25 cm.</subfield></datafield><datafield ind1='1' ind2=' ' tag='490'><subfield code='a'>Instant notes.</subfield></datafield><datafield ind1=' ' ind2=' ' tag='504'><subfield code='a'>Includes bibliographical references (p. 239-241) and index.</subfield></datafield><datafield ind1=' ' ind2='0' tag='650'><subfield code='a'>Bioinformatics</subfield><subfield code='x'>Examinations</subfield><subfield code='v'>Study guides.</subfield></datafield><datafield ind1='1' ind2='2' tag='650'><subfield code='a'>Computational Biology</subfield><subfield code='v'>Examination Questions.</subfield></datafield><datafield ind1='1' ind2=' ' tag='700'><subfield code='a'>Parish, J. H.</subfield><subfield code='q'>(John Howard)</subfield></datafield><datafield ind1='1' ind2=' ' tag='700'><subfield code='a'>Twyman, Richard M.</subfield></datafield><datafield ind1=' ' ind2='0' tag='830'><subfield code='a'>Instant notes series.</subfield></datafield><datafield ind1=' ' ind2=' ' tag='902'><subfield code='a'>110512</subfield></datafield><datafield ind1=' ' ind2=' ' tag='907'><subfield code='a'>.b26249765</subfield><subfield code='b'>multi</subfield><subfield code='c'>-</subfield></datafield><datafield ind1=' ' ind2=' ' tag='945'><subfield code='l'>pstk </subfield><subfield code='g'>1</subfield></datafield><datafield ind1=' ' ind2=' ' tag='979'><subfield code='a'>ocm49639379</subfield></datafield><datafield ind1=' ' ind2=' ' tag='998'><subfield code='b'>2</subfield><subfield code='c'>030403</subfield><subfield code='d'>m</subfield><subfield code='e'>a</subfield><subfield code='f'>-</subfield><subfield code='g'>0</subfield></datafield><datafield ind1=' ' ind2=' ' tag='998'><subfield code='a'>04/03/03</subfield><subfield code='s'>RLIN</subfield><subfield code='c'>RM</subfield></datafield><datafield ind1=' ' ind2=' ' tag='ADM'><subfield code='b'>2017-08-25 21:49:06</subfield><subfield code='e'>b26249765-01tuli_inst</subfield><subfield code='d'>ILS</subfield><subfield code='a'>2017-06-20 06:02:04</subfield><subfield code='c'>false</subfield></datafield><datafield ind1='0' ind2=' ' tag='HLD'><subfield code='b'>MAIN</subfield><subfield code='c'>stacks</subfield><subfield code='h'>QH324.2</subfield><subfield code='i'>.W478x 2002</subfield><subfield code='8'>22240022890003811</subfield></datafield><datafield ind1=' ' ind2=' ' tag='ITM'><subfield code='r'>22240022890003811</subfield><subfield code='b'>1</subfield><subfield code='h'>0</subfield><subfield code='g'>stacks</subfield><subfield code='t'>BOOK</subfield><subfield code='9'>39074015575020</subfield><subfield code='e'>stacks</subfield><subfield code='8'>23240022880003811</subfield><subfield code='a'>0</subfield><subfield code='q'>2017-06-20 06:02:04</subfield><subfield code='i'>QH324.2 .W478x 2002</subfield><subfield code='d'>MAIN</subfield><subfield code='f'>MAIN</subfield></datafield></record>