
<record xmlns='http://www.loc.gov/MARC21/slim'><leader>01169cam a2200361 a 4500</leader><controlfield tag='005'>20170825212636.0</controlfield><controlfield tag='008'>071227s2007    ii a     b    001 0 eng  </controlfield><controlfield tag='001'>991036700259703811</controlfield><datafield ind1=' ' ind2=' ' tag='020'><subfield code='a'>9788173197949</subfield></datafield><datafield ind1=' ' ind2=' ' tag='020'><subfield code='a'>8173197946</subfield></datafield><datafield ind1=' ' ind2=' ' tag='035'><subfield code='a'>(PPT)b41602055-01tuli_inst</subfield></datafield><datafield ind1=' ' ind2=' ' tag='035'><subfield code='a'>(OCoLC)ocn668300980</subfield><subfield code='9'>ExL</subfield></datafield><datafield ind1=' ' ind2=' ' tag='035'><subfield code='a'>(OCoLC)185039130</subfield><subfield code='z'>(OCoLC)148871331</subfield></datafield><datafield ind1=' ' ind2=' ' tag='035'><subfield code='a'>ocn185039130</subfield></datafield><datafield ind1=' ' ind2=' ' tag='035'><subfield code='a'>(OCLC)ocn185039130</subfield></datafield><datafield ind1=' ' ind2=' ' tag='040'><subfield code='a'>SISPL</subfield><subfield code='c'>SISPL</subfield><subfield code='d'>SISPL</subfield><subfield code='d'>YDXCP</subfield><subfield code='d'>BAKER</subfield><subfield code='d'>BTCTA</subfield><subfield code='d'>UUM</subfield><subfield code='d'>BWK</subfield><subfield code='d'>MUQ</subfield><subfield code='d'>CDX</subfield><subfield code='d'>PPT</subfield></datafield><datafield ind1=' ' ind2=' ' tag='079'><subfield code='a'>ocn185039130</subfield></datafield><datafield ind1=' ' ind2=' ' tag='090'><subfield code='a'>QH324.2</subfield><subfield code='b'>.B548 2007</subfield></datafield><datafield ind1='0' ind2='0' tag='245'><subfield code='a'>Bioinformatics computing /</subfield><subfield code='c'>editors, Vikram Singh, Dilbag Singh, Joginder Singh.</subfield></datafield><datafield ind1=' ' ind2=' ' tag='260'><subfield code='a'>New Delhi :</subfield><subfield code='b'>Narosa Pub. House,</subfield><subfield code='c'>c2007.</subfield></datafield><datafield ind1=' ' ind2=' ' tag='300'><subfield code='a'>ix, 207 p. :</subfield><subfield code='b'>ill. ;</subfield><subfield code='c'>25 cm.</subfield></datafield><datafield ind1=' ' ind2=' ' tag='504'><subfield code='a'>Includes bibliographical references and index.</subfield></datafield><datafield ind1=' ' ind2='0' tag='650'><subfield code='a'>Bioinformatics.</subfield></datafield><datafield ind1=' ' ind2='0' tag='650'><subfield code='a'>Molecular biology</subfield><subfield code='x'>Data processing.</subfield></datafield><datafield ind1='1' ind2=' ' tag='700'><subfield code='a'>Singh, Vikram.</subfield></datafield><datafield ind1='1' ind2=' ' tag='700'><subfield code='a'>Singh, Dilbag.</subfield></datafield><datafield ind1='1' ind2=' ' tag='700'><subfield code='a'>Singh, Joginder.</subfield></datafield><datafield ind1=' ' ind2=' ' tag='902'><subfield code='a'>120823</subfield></datafield><datafield ind1=' ' ind2=' ' tag='907'><subfield code='a'>.b41602055</subfield><subfield code='b'>p    </subfield><subfield code='c'>-</subfield></datafield><datafield ind1=' ' ind2=' ' tag='945'><subfield code='l'>pstk </subfield><subfield code='g'>1</subfield></datafield><datafield ind1=' ' ind2=' ' tag='979'><subfield code='a'>ocn185039130</subfield></datafield><datafield ind1=' ' ind2=' ' tag='998'><subfield code='b'>1</subfield><subfield code='c'>100209</subfield><subfield code='d'>m</subfield><subfield code='e'>a</subfield><subfield code='f'>-</subfield><subfield code='g'>0</subfield></datafield><datafield ind1=' ' ind2=' ' tag='998'><subfield code='a'>02/09/10</subfield><subfield code='s'>OCLC</subfield><subfield code='c'>RM</subfield></datafield><datafield ind1=' ' ind2=' ' tag='ADM'><subfield code='b'>2017-08-26 01:26:36</subfield><subfield code='e'>b41602055-01tuli_inst</subfield><subfield code='d'>ILS</subfield><subfield code='a'>2017-06-20 12:45:47</subfield><subfield code='c'>false</subfield></datafield><datafield ind1='0' ind2=' ' tag='HLD'><subfield code='b'>MAIN</subfield><subfield code='c'>stacks</subfield><subfield code='h'>QH324.2</subfield><subfield code='i'>.B548 2007</subfield><subfield code='8'>22320379470003811</subfield></datafield><datafield ind1=' ' ind2=' ' tag='ITM'><subfield code='r'>22320379470003811</subfield><subfield code='b'>1</subfield><subfield code='h'>0</subfield><subfield code='g'>stacks</subfield><subfield code='t'>BOOK</subfield><subfield code='9'>39074024301707</subfield><subfield code='e'>stacks</subfield><subfield code='8'>23320379460003811</subfield><subfield code='a'>0</subfield><subfield code='q'>2017-06-20 12:45:47</subfield><subfield code='i'>QH324.2 .B548 2007</subfield><subfield code='d'>MAIN</subfield><subfield code='f'>MAIN</subfield></datafield></record>