
<record xmlns='http://www.loc.gov/MARC21/slim'><leader>03946cam a2200493Ia 4500</leader><controlfield tag='005'>20110915074145.0</controlfield><controlfield tag='006'>m        d        </controlfield><controlfield tag='007'>cr cn|</controlfield><controlfield tag='008'>070802s2006    ne a    ob    001 0 eng d</controlfield><controlfield tag='001'>991021305159703811</controlfield><datafield ind1=' ' ind2=' ' tag='020'><subfield code='a'>9780444518071</subfield></datafield><datafield ind1=' ' ind2=' ' tag='020'><subfield code='a'>044451807X</subfield></datafield><datafield ind1=' ' ind2=' ' tag='035'><subfield code='a'>(PPT)b49855153-01tuli_inst</subfield></datafield><datafield ind1=' ' ind2=' ' tag='035'><subfield code='a'>(OCoLC)162130464</subfield></datafield><datafield ind1=' ' ind2=' ' tag='037'><subfield code='a'>116073:116171</subfield><subfield code='b'>Elsevier Science &amp; Technology</subfield><subfield code='n'>http://www.sciencedirect.com</subfield></datafield><datafield ind1=' ' ind2=' ' tag='040'><subfield code='a'>OPELS</subfield><subfield code='b'>eng</subfield><subfield code='c'>OPELS</subfield><subfield code='d'>OCLCG</subfield><subfield code='d'>OPELS</subfield><subfield code='d'>OCLCQ</subfield></datafield><datafield ind1=' ' ind2=' ' tag='049'><subfield code='a'>TEUU</subfield></datafield><datafield ind1=' ' ind2=' ' tag='070'><subfield code='a'>QH324.2</subfield><subfield code='b'>.A66 2006</subfield></datafield><datafield ind1=' ' ind2=' ' tag='090'><subfield code='a'>QH324.2</subfield><subfield code='b'>.A66 2006eb</subfield></datafield><datafield ind1='0' ind2='0' tag='245'><subfield code='a'>Bioinformatics</subfield><subfield code='h'>[electronic resource] /</subfield><subfield code='c'>edited by Dilip K. Arora, Randy M. Berka, Gautam B. Singh.</subfield></datafield><datafield ind1=' ' ind2=' ' tag='250'><subfield code='a'>1st ed.</subfield></datafield><datafield ind1=' ' ind2=' ' tag='260'><subfield code='a'>Amsterdam ;</subfield><subfield code='a'>Boston :</subfield><subfield code='b'>Elsevier,</subfield><subfield code='c'>2006.</subfield></datafield><datafield ind1=' ' ind2=' ' tag='300'><subfield code='a'>1 online resource (xiv, 336 p.) :</subfield><subfield code='b'>ill. (some col.)</subfield></datafield><datafield ind1='1' ind2=' ' tag='490'><subfield code='a'>Applied mycology and biotechnology ;</subfield><subfield code='v'>v. 6</subfield></datafield><datafield ind1=' ' ind2=' ' tag='520'><subfield code='a'>The advances in genomic technologies, such as microarrays and high throughput sequencing, have expanded the realm of possibilities for capturing data and analyzing it using automated computer driven bioinformatics tools. With the completion of the sequencing of genomes of human and several model organisms, a quest for scientific discoveries being fueled by integrative and multidimensional techniques in mathematics and computational sciences. In this volume, leading researchers and experts have provided an overview of significant concepts from biological, mathematical, and computational perspectives. It provides a high level view of fungal genomic data integration and annotation, classification of proteins and identification of vaccine targets, identification of secretome or secreted proteins in fungal genomes, as well as tools for analyzing microarray expression profiles. * Provides a survey of theoretical underpinnings on the technological tools and applications * Discusses the tools utilized for the annotation of fungal genomes and addresses issues related to automated annotation generation in a high throughput biotechnology environment * describing the applications of the concepts and methodologies presented throughout the book.</subfield></datafield><datafield ind1='0' ind2=' ' tag='505'><subfield code='a'>SECTION A: PRINCIPLES -- Experimental Design and Analysis of Microarrary Data -- Method for Protein Homology Modelling -- Phylogenetic Network Construction Approaches -- Issues in Comparative Fungal Genomics -- SECTION B: TOOLS -- Fungal Genomic Annotation -- Bioinformatics Packages for Sequence Analysis -- A Survey of Computational Methods Used in Microarray -- Data Interpretation -- Computational Methods in Genome Research -- Creating Fungal Pathway/Genome Databases Using Pathway Tools -- Comparative Genomic Analysis of Glycoylation Pathways in -- Yeast, Plants and Higher Eukaryotes -- SECTION C: APPLICATIONS -- LARaLINK 2.0: Data Mining for Clinical Cytogenetics -- Sequence-Based Analysis of Fungal Secretomes -- Using Web Agents for Data Mining of Fungal Genomes -- Searching Biological Databases Using Biolinguistic Methods -- Keyword Index.</subfield></datafield><datafield ind1=' ' ind2=' ' tag='504'><subfield code='a'>Includes bibliographical references and index.</subfield></datafield><datafield ind1=' ' ind2=' ' tag='588'><subfield code='a'>Description based on print version record.</subfield></datafield><datafield ind1=' ' ind2=' ' tag='590'><subfield code='a'>Access is available to the Temple Community through use of a networked computer with a Temple IP address.</subfield></datafield><datafield ind1=' ' ind2='0' tag='650'><subfield code='a'>Bioinformatics.</subfield></datafield><datafield ind1=' ' ind2='0' tag='650'><subfield code='a'>Fungi.</subfield></datafield><datafield ind1=' ' ind2='0' tag='650'><subfield code='a'>Genomics.</subfield></datafield><datafield ind1=' ' ind2='0' tag='655'><subfield code='a'>Electronic books.</subfield></datafield><datafield ind1='1' ind2=' ' tag='700'><subfield code='a'>Arora, Dilip K.</subfield><subfield code='4'>edt</subfield></datafield><datafield ind1='1' ind2=' ' tag='700'><subfield code='a'>Berka, Randy M.,</subfield><subfield code='d'>1954-</subfield><subfield code='4'>edt</subfield></datafield><datafield ind1='1' ind2=' ' tag='700'><subfield code='a'>Singh, Gautam B.</subfield><subfield code='4'>edt</subfield></datafield><datafield ind1='2' ind2=' ' tag='710'><subfield code='a'>ScienceDirect (Online service)</subfield></datafield><datafield ind1='0' ind2='8' tag='776'><subfield code='i'>Print version:</subfield><subfield code='z'>044451807X</subfield><subfield code='z'>9780444518071</subfield><subfield code='w'>(DLC)  2006048516</subfield><subfield code='w'>(OCoLC)70292160</subfield></datafield><datafield ind1=' ' ind2='0' tag='830'><subfield code='a'>Applied mycology and biotechnology ;</subfield><subfield code='v'>v. 6.</subfield></datafield><datafield ind1='4' ind2='0' tag='856'><subfield code='3'>ScienceDirect</subfield><subfield code='z'>Access full text online.</subfield><subfield code='u'>http://libproxy.temple.edu/login?url=http://www.sciencedirect.com/science/book/9780444518071</subfield></datafield><datafield ind1=' ' ind2=' ' tag='907'><subfield code='a'>.b49855153</subfield><subfield code='b'>w    </subfield><subfield code='c'>-</subfield></datafield><datafield ind1=' ' ind2=' ' tag='902'><subfield code='a'>111216</subfield></datafield><datafield ind1=' ' ind2=' ' tag='998'><subfield code='b'>1</subfield><subfield code='c'>110925</subfield><subfield code='d'>m</subfield><subfield code='e'>@</subfield><subfield code='f'>-</subfield><subfield code='g'>0</subfield></datafield><datafield ind1=' ' ind2=' ' tag='945'><subfield code='l'>w    </subfield><subfield code='g'>1</subfield></datafield><datafield ind1=' ' ind2=' ' tag='ADM'><subfield code='e'>b49855153-01tuli_inst</subfield><subfield code='d'>ILS</subfield><subfield code='a'>2017-06-20 09:49:25</subfield><subfield code='c'>false</subfield></datafield><datafield ind1=' ' ind2=' ' tag='PRT'><subfield code='a'>53375755330003811</subfield><subfield code='b'>https://sandbox01-na.alma.exlibrisgroup.com/view/uresolver/01TULI_INST/openurl?u.ignore_date_coverage=true&amp;rft.mms_id=991021305159703811</subfield><subfield code='f'>Access full text online.</subfield><subfield code='9'>Available</subfield><subfield code='d'>MAIN</subfield><subfield code='c'>ScienceDirect</subfield><subfield code='8'>53375755330003811</subfield></datafield></record>