
<record xmlns='http://www.loc.gov/MARC21/slim'><leader>04929nam  2200517Ia 4500</leader><controlfield tag='001'>991036796190703811</controlfield><controlfield tag='005'>20180322135151.0</controlfield><controlfield tag='006'>m     o  d |      </controlfield><controlfield tag='007'>cr -n---------</controlfield><controlfield tag='008'>060707s2006    mau     ob    000 0 eng d</controlfield><datafield ind1=' ' ind2=' ' tag='010'><subfield code='z'>  2006048516</subfield></datafield><datafield ind1=' ' ind2=' ' tag='020'><subfield code='a'>1-280-63599-1</subfield></datafield><datafield ind1=' ' ind2=' ' tag='020'><subfield code='a'>9786610635993</subfield></datafield><datafield ind1=' ' ind2=' ' tag='020'><subfield code='a'>0-08-046370-3</subfield></datafield><datafield ind1=' ' ind2=' ' tag='035'><subfield code='a'>(CKB)1000000000357984</subfield></datafield><datafield ind1=' ' ind2=' ' tag='035'><subfield code='a'>(EBL)274201</subfield></datafield><datafield ind1=' ' ind2=' ' tag='035'><subfield code='a'>(OCoLC)476018085</subfield></datafield><datafield ind1=' ' ind2=' ' tag='035'><subfield code='a'>(MiAaPQ)EBC274201</subfield></datafield><datafield ind1=' ' ind2=' ' tag='035'><subfield code='a'>(EXLCZ)991000000000357984</subfield></datafield><datafield ind1=' ' ind2=' ' tag='040'><subfield code='a'>MiAaPQ</subfield><subfield code='c'>MiAaPQ</subfield><subfield code='d'>MiAaPQ</subfield></datafield><datafield ind1=' ' ind2='4' tag='050'><subfield code='a'>QH324.2</subfield><subfield code='b'>.B543 2006</subfield></datafield><datafield ind1='0' ind2='0' tag='082'><subfield code='a'>572.80285 22</subfield><subfield code='a'>660.6</subfield></datafield><datafield ind1='1' ind2=' ' tag='100'><subfield code='a'>Arora, Dilip K.</subfield></datafield><datafield ind1='0' ind2='0' tag='245'><subfield code='a'>Bioinformatics</subfield><subfield code='h'>[electronic resource] /</subfield><subfield code='c'>edited by Dilip K. Arora, Randy M. Berka, Gautam B. Singh.</subfield></datafield><datafield ind1=' ' ind2=' ' tag='260'><subfield code='a'>Boston :</subfield><subfield code='b'>Elsevier,</subfield><subfield code='c'>2006.</subfield></datafield><datafield ind1=' ' ind2=' ' tag='300'><subfield code='a'>1 online resource (351 p.)</subfield></datafield><datafield ind1='0' ind2=' ' tag='490'><subfield code='a'>Applied mycology and biotechnology ;</subfield><subfield code='v'>v. 6</subfield></datafield><datafield ind1=' ' ind2=' ' tag='500'><subfield code='a'>Description based upon print version of record.</subfield></datafield><datafield ind1='0' ind2=' ' tag='505'><subfield code='a'>Front Cover; Title Page; Copyright Page; Editorial Board for Volume 6; Table of Contents; Contributors; Preface; SECTION A: PRINCIPLES; Chapter 1  Experimental Design and Analysis of Microarrary Data; 1. INTRODUCTION; 2. MICROARRAY PLATFORMS; 3. APPLICATIONS OF MICROARRAYS WITHINMYCOLOGY AND BIOTECHNOLOGY; 4. EXPERIMENTAL DESIGN OF MICROARRAY EXPERIMENTS; 5. SCANNING OF MICROARRAYS AND IMAGE PROCESSING; 6. ANALYSIS OF MICROARRAY DATA; 7. CONCLUSION; REFERENCES; Chapter 2  Methods for Protein Homology Modelling; 1. INTRODUCTION; 2. HOMOLOGY MODELLING; 3. PRACTICAL HOMOLOGY MODELLING</subfield></datafield><datafield ind1='8' ind2=' ' tag='505'><subfield code='a'>4. CONSIDERATIONS FOR MODELLING FUNGAL PROTEINS5. CONCLUSION; REFERENCES; Chapter 3  Phylogenetic Network Construction Approaches; 1. INTRODUCTION; 2. PHYLOGENETIC TREE RECONSTRUCTION METHODS; 3. EXISTING MECHANISMS OF RETICULATE EVOLUTION; 4. ALGORITHMS AND SOFTWARE FOR DETECTINGRETICULATE EVOLUTION; REFERENCES; Chapter 4  Issues in Comparative Fungal Genomics; 1. INTRODUCTION; 2. OWNERSHIP OF THE GENOMIC DATA; 3. HOMOLOGY; 4. COMPARATIVE GENOMICS; 5. PHYLOGENETICS; 6. UNIQUE TARGET SITES IN PESTS; 7. GENE PREDICTION AND GENE FUNCTION</subfield></datafield><datafield ind1='8' ind2=' ' tag='505'><subfield code='a'>8. COMPARATIVE GENOMICS BETWEEN FUNGI AND OTHER ORGANISMS9. FUNGAL COMPARATIVE GENOMICS; 10. FUNGAL COMPARATIVE GENOMICS - EVOLUTIONARY BIOLOGY; 11. FUNGAL COMPARATIVE GENOMICS - FUNGAL BIOLOGY; 12. FUNGAL COMPARATIVE GENOMICS - ESSENTIAL FUNGAL GENES; 13. FUNGAL COMPARATIVE GENOMICS - SMALL SCALE STUDIES; 14. CONCLUSION; REFERENCES; SECTION B: TOOLS; Chapter 5  Fungal Genomic Annotation; 1. INTRODUCTION; 2. Gene Discovery in the Fungi; 3. FUNCTIONAL ANNOTATION; 4. ANNOTATION PIPELINES; 5. MANUAL CURATION: IT TAKES A VILLAGE; 6. CONCLUSION; REFERENCES</subfield></datafield><datafield ind1='8' ind2=' ' tag='505'><subfield code='a'>Chapter 6  Bioinformatics Packages for Sequence Analysis1. INTRODUCTION; 2. NATIONAL CENTER FOR BIOTECHNOLOGY INFORMATION (NCBI); 3. SEQUENCE ANALYSIS TOOLS; 4. MOLECULAR DATABASE; 5. CONCLUSION; REFERENCES; Chapter 7  A Survey of Computational Methods Used in Microarray Data Interpretation; 1. INTRODUCTION; Chapter 8  Computational Methods in Genome Research; 2. MICROARRAY FORMALISM; 3. CLUSTERING; 4. BEYOND CLUSTERING; 5. TOOLS FOR MICROARRAY ANALYSIS; 6. CURRENT STATUS AND FUTURE APPLICATIONS OF MICROARRAY USAGE; 7. CONCLUSION; REFERENCES</subfield></datafield><datafield ind1='8' ind2=' ' tag='505'><subfield code='a'>Chapter 9  Creating Fungal Pathway/Genome Databases Using Pathway ToolsAbstract; 1 Introduction; 2 Pathway Tools Computational Inferences; 3 Pathway/Genome Editors; 4 Analysis and Visualization; 5 Pathway Tools Ontologies; 6 Obtaining Pathway Tools and System Requirements; 7 How to Learn More; 8 Summary; 9 Acknowledgments; References; Chapter 10  Comparative Genomic Analysis of Glycoylation Pathways in Yeast, Plants and Higher Eukaryotes; 1. INTRODUCTION; 2. METABOLIC PATHWAY OF N-GLYCAN BIOSYNTHESIS; 3. DEFECTIVE MUTANTS; 4. THE DIVERSITY OF N-GLYCAN STRUCTURES</subfield></datafield><datafield ind1='8' ind2=' ' tag='505'><subfield code='a'>5. ENGINEERING THE GLYCOSYLATION PATHWAY</subfield></datafield><datafield ind1=' ' ind2=' ' tag='520'><subfield code='a'>The advances in genomic technologies, such as microarrays and high throughput sequencing,have expanded the realm of possibilities for capturing data and analyzing it using automatedcomputer driven bioinformatics tools. With the completion of the sequencing of genomes ofhuman and several model organisms, a quest for scientific discoveries being fueled byintegrative and multidimensional techniques in mathematics and computational sciences. Inthis volume, leading researchers and experts have provided an overview of significantconcepts from biological, mathematical, and com</subfield></datafield><datafield ind1=' ' ind2=' ' tag='504'><subfield code='a'>Includes bibliographical references.</subfield></datafield><datafield ind1=' ' ind2='0' tag='650'><subfield code='a'>Bioinformatics.</subfield></datafield><datafield ind1=' ' ind2='0' tag='650'><subfield code='a'>Fungi.</subfield></datafield><datafield ind1=' ' ind2='0' tag='650'><subfield code='a'>Genomics.</subfield></datafield><datafield ind1=' ' ind2='4' tag='655'><subfield code='a'>Electronic books.</subfield></datafield><datafield ind1='0' ind2=' ' tag='760'><subfield code='t'>Applied mycology and biotechnology</subfield><subfield code='w'>(CKB)1000000000292378</subfield><subfield code='w'>(DLC)</subfield><subfield code='w'>(OCoLC)</subfield><subfield code='x'>1874-5334</subfield></datafield><datafield ind1=' ' ind2=' ' tag='776'><subfield code='z'>0-444-51807-X</subfield></datafield><datafield ind1='1' ind2=' ' tag='700'><subfield code='a'>Arora, Dilip K.</subfield></datafield><datafield ind1='1' ind2=' ' tag='700'><subfield code='a'>Berka, Randy M.,</subfield><subfield code='d'>1954-</subfield></datafield><datafield ind1='1' ind2=' ' tag='700'><subfield code='a'>Singh, Gautam B.</subfield></datafield><datafield ind1=' ' ind2='0' tag='830'><subfield code='a'>Applied Mycology and Biotechnology</subfield></datafield><datafield ind1=' ' ind2=' ' tag='906'><subfield code='a'>BOOK</subfield></datafield><datafield ind1=' ' ind2=' ' tag='PRT'><subfield code='a'>53364479220003811</subfield><subfield code='b'>https://sandbox01-na.alma.exlibrisgroup.com/view/uresolver/01TULI_INST/openurl?u.ignore_date_coverage=true&amp;rft.mms_id=991036796190703811</subfield><subfield code='e'>Elsevier ScienceDirect AutoLoad</subfield><subfield code='c'>Elsevier ScienceDirect Books Complete</subfield><subfield code='h'>613840000000000009</subfield><subfield code='8'>53364479220003811</subfield></datafield></record>