
<record xmlns='http://www.loc.gov/MARC21/slim'><leader>01531cam a22004214a 4500</leader><controlfield tag='005'>20170825194805.0</controlfield><controlfield tag='008'>030327s2003    njuaf    b    001 0 eng  </controlfield><controlfield tag='001'>991005447099703811</controlfield><datafield ind1=' ' ind2=' ' tag='010'><subfield code='a'>2002011156</subfield></datafield><datafield ind1=' ' ind2=' ' tag='020'><subfield code='a'>0471201995</subfield></datafield><datafield ind1=' ' ind2=' ' tag='020'><subfield code='a'>0471202002 (cloth : alk. paper)</subfield></datafield><datafield ind1=' ' ind2=' ' tag='035'><subfield code='a'>(PPT)b28320050-01tuli_inst</subfield></datafield><datafield ind1=' ' ind2=' ' tag='035'><subfield code='a'>ocn490715787</subfield><subfield code='9'>ExL</subfield></datafield><datafield ind1=' ' ind2=' ' tag='035'><subfield code='a'>PPTb28320050 </subfield></datafield><datafield ind1=' ' ind2=' ' tag='035'><subfield code='a'>ocm50199108</subfield></datafield><datafield ind1=' ' ind2=' ' tag='035'><subfield code='a'>(OCLC)ocm50199108</subfield></datafield><datafield ind1=' ' ind2=' ' tag='040'><subfield code='a'>DLC</subfield><subfield code='c'>DLC</subfield><subfield code='d'>DLC</subfield></datafield><datafield ind1=' ' ind2=' ' tag='042'><subfield code='a'>pcc</subfield></datafield><datafield ind1=' ' ind2=' ' tag='079'><subfield code='a'>ocm50199108</subfield></datafield><datafield ind1=' ' ind2=' ' tag='090'><subfield code='a'>QH324.2</subfield><subfield code='b'>.S76 2003</subfield></datafield><datafield ind1='0' ind2='0' tag='245'><subfield code='a'>Structural bioinformatics /</subfield><subfield code='c'>edited by Philip E. Bourne, Helge Weissig.</subfield></datafield><datafield ind1=' ' ind2=' ' tag='260'><subfield code='a'>Hoboken, N.J. :</subfield><subfield code='b'>Wiley-Liss,</subfield><subfield code='c'>c2003.</subfield></datafield><datafield ind1=' ' ind2=' ' tag='300'><subfield code='a'>xix, 649 p., [32] p. of plates :</subfield><subfield code='b'>ill. (some col.) ;</subfield><subfield code='c'>26 cm.</subfield></datafield><datafield ind1=' ' ind2='0' tag='440'><subfield code='a'>Methods of biochemical analysis ;</subfield><subfield code='v'>v. 44</subfield></datafield><datafield ind1=' ' ind2=' ' tag='504'><subfield code='a'>Includes bibliographical references and index.</subfield></datafield><datafield ind1=' ' ind2='0' tag='650'><subfield code='a'>Structural bioinformatics.</subfield></datafield><datafield ind1='1' ind2='2' tag='650'><subfield code='a'>Computational Biology.</subfield></datafield><datafield ind1='1' ind2=' ' tag='700'><subfield code='a'>Bourne, Philip E.</subfield></datafield><datafield ind1='1' ind2=' ' tag='700'><subfield code='a'>Weissig, Helge.</subfield></datafield><datafield ind1='4' ind2='2' tag='856'><subfield code='z'>Access Contributor biographical information.</subfield><subfield code='u'>http://www.loc.gov/catdir/bios/wiley043/2002011156.html</subfield></datafield><datafield ind1='4' ind2='1' tag='856'><subfield code='z'>Access Table of contents.</subfield><subfield code='u'>http://www.loc.gov/catdir/toc/wiley041/2002011156.html</subfield></datafield><datafield ind1='4' ind2='2' tag='856'><subfield code='z'>Access description provided by publisher.</subfield><subfield code='u'>http://www.loc.gov/catdir/description/wiley036/2002011156.html</subfield></datafield><datafield ind1=' ' ind2=' ' tag='902'><subfield code='a'>110512</subfield></datafield><datafield ind1=' ' ind2=' ' tag='907'><subfield code='a'>.b28320050</subfield><subfield code='b'>p    </subfield><subfield code='c'>-</subfield></datafield><datafield ind1=' ' ind2=' ' tag='945'><subfield code='l'>pstk </subfield><subfield code='g'>1</subfield></datafield><datafield ind1=' ' ind2=' ' tag='979'><subfield code='a'>ocm50199108</subfield></datafield><datafield ind1=' ' ind2=' ' tag='998'><subfield code='b'>0</subfield><subfield code='c'>050929</subfield><subfield code='d'>m</subfield><subfield code='e'>a</subfield><subfield code='f'>-</subfield><subfield code='g'>0</subfield></datafield><datafield ind1=' ' ind2=' ' tag='998'><subfield code='a'>09/29/05</subfield><subfield code='s'>LC</subfield><subfield code='c'>AT</subfield></datafield><datafield ind1=' ' ind2=' ' tag='ADM'><subfield code='b'>2017-08-25 23:48:05</subfield><subfield code='e'>b28320050-01tuli_inst</subfield><subfield code='d'>ILS</subfield><subfield code='a'>2017-06-20 12:26:51</subfield><subfield code='c'>false</subfield></datafield><datafield ind1='0' ind2=' ' tag='HLD'><subfield code='b'>MAIN</subfield><subfield code='c'>stacks</subfield><subfield code='h'>QH324.2</subfield><subfield code='i'>.S76 2003</subfield><subfield code='8'>22318231650003811</subfield></datafield><datafield ind1=' ' ind2=' ' tag='ITM'><subfield code='r'>22318231650003811</subfield><subfield code='b'>1</subfield><subfield code='h'>0</subfield><subfield code='g'>stacks</subfield><subfield code='t'>BOOK</subfield><subfield code='9'>39074017229253</subfield><subfield code='e'>stacks</subfield><subfield code='8'>23318231640003811</subfield><subfield code='a'>0</subfield><subfield code='q'>2017-06-20 12:26:51</subfield><subfield code='i'>QH324.2 .S76 2003</subfield><subfield code='d'>MAIN</subfield><subfield code='f'>MAIN</subfield></datafield></record>