
<record xmlns='http://www.loc.gov/MARC21/slim'><leader>02116cam a2200505 a 4500</leader><controlfield tag='006'>m    f   d        </controlfield><controlfield tag='007'>cr cn ---uuauu</controlfield><controlfield tag='008'>090313s2009    nyua   fob    001 0 eng d</controlfield><controlfield tag='001'>991011218519703811</controlfield><datafield ind1=' ' ind2=' ' tag='010'><subfield code='z'>2008018595</subfield></datafield><datafield ind1=' ' ind2=' ' tag='020'><subfield code='a'>9780071593069</subfield></datafield><datafield ind1=' ' ind2=' ' tag='020'><subfield code='z'>0071593063 (print)</subfield></datafield><datafield ind1=' ' ind2=' ' tag='020'><subfield code='a'>0071635823</subfield></datafield><datafield ind1=' ' ind2=' ' tag='035'><subfield code='a'>(PPT)b58225225-01tuli_inst</subfield></datafield><datafield ind1=' ' ind2=' ' tag='035'><subfield code='a'>ccn00237006</subfield><subfield code='9'>ExL</subfield></datafield><datafield ind1=' ' ind2=' ' tag='090'><subfield code='a'>QH324.2</subfield><subfield code='b'>.S53 2009eb</subfield></datafield><datafield ind1='1' ind2=' ' tag='100'><subfield code='a'>Sharma, Kal Renganathan.</subfield></datafield><datafield ind1='1' ind2='0' tag='245'><subfield code='a'>Bioinformatics</subfield><subfield code='h'>[electronic resource] :</subfield><subfield code='b'>sequence alignment and Markov models /</subfield><subfield code='c'>Kal Renganathan Sharma.</subfield></datafield><datafield ind1=' ' ind2=' ' tag='260'><subfield code='a'>New York :</subfield><subfield code='b'>McGraw-Hill,</subfield><subfield code='c'>[2009]</subfield></datafield><datafield ind1=' ' ind2=' ' tag='300'><subfield code='a'>1 electronic text (xvi, 320 p.) :</subfield><subfield code='b'>ill.</subfield></datafield><datafield ind1='1' ind2=' ' tag='490'><subfield code='a'>McGraw-Hill&apos;s AccessEngineering</subfield></datafield><datafield ind1=' ' ind2=' ' tag='500'><subfield code='a'>Print version c2009.</subfield></datafield><datafield ind1=' ' ind2=' ' tag='504'><subfield code='a'>Includes bibliographical references and index.</subfield></datafield><datafield ind1='0' ind2=' ' tag='505'><subfield code='a'>Part 1. Sequence alignment and representation -- part 2. Probability models -- part 3. Measurement techniques.</subfield></datafield><datafield ind1=' ' ind2=' ' tag='530'><subfield code='a'>Also issued in print and PDF versions.</subfield></datafield><datafield ind1=' ' ind2=' ' tag='588'><subfield code='a'>Description based on cover image and table of contents, viewed on March 12, 2009.</subfield></datafield><datafield ind1=' ' ind2=' ' tag='590'><subfield code='a'>Access is available to the Temple Community through use of a networked computer with a Temple IP address.</subfield></datafield><datafield ind1=' ' ind2='0' tag='650'><subfield code='a'>Bioinformatics.</subfield></datafield><datafield ind1=' ' ind2='0' tag='650'><subfield code='a'>Markov processes.</subfield></datafield><datafield ind1=' ' ind2='0' tag='650'><subfield code='a'>Sequence alignment.</subfield></datafield><datafield ind1=' ' ind2='0' tag='650'><subfield code='a'>Sequence alignment (Bioinformatics)</subfield></datafield><datafield ind1=' ' ind2='0' tag='655'><subfield code='a'>Electronic books.</subfield></datafield><datafield ind1='0' ind2='2' tag='740'><subfield code='a'>Preliminaries.</subfield></datafield><datafield ind1='0' ind2='2' tag='740'><subfield code='a'>Alignment of a pair of sequences.</subfield></datafield><datafield ind1='0' ind2='2' tag='740'><subfield code='a'>Sequence representation and string algorithms.</subfield></datafield><datafield ind1='0' ind2='2' tag='740'><subfield code='a'>Multiple-sequence alignment.</subfield></datafield><datafield ind1='0' ind2='2' tag='740'><subfield code='a'>Hidden markov models and applications.</subfield></datafield><datafield ind1='0' ind2='2' tag='740'><subfield code='a'>Gene finding, protein secondary structure.</subfield></datafield><datafield ind1='0' ind2='2' tag='740'><subfield code='a'>Biochips.</subfield></datafield><datafield ind1='0' ind2='2' tag='740'><subfield code='a'>Electrophoretic techniques and finite speed of diffusion.</subfield></datafield><datafield ind1=' ' ind2='0' tag='830'><subfield code='a'>McGraw-Hill&apos;s AccessEngineering.</subfield></datafield><datafield ind1='4' ind2='0' tag='856'><subfield code='u'>http://libproxy.temple.edu/login?url=http://accessengineeringlibrary.com/browse/bioinformatics-sequence-alignment-and-markov-models</subfield><subfield code='z'>Access full text online.</subfield></datafield><datafield ind1=' ' ind2=' ' tag='907'><subfield code='a'>.b58225225</subfield><subfield code='b'>w    </subfield><subfield code='c'>-</subfield></datafield><datafield ind1=' ' ind2=' ' tag='902'><subfield code='a'>150828</subfield></datafield><datafield ind1=' ' ind2=' ' tag='998'><subfield code='b'>1</subfield><subfield code='c'>150830</subfield><subfield code='d'>m</subfield><subfield code='e'>@</subfield><subfield code='f'>-</subfield><subfield code='g'>0</subfield></datafield><datafield ind1=' ' ind2=' ' tag='902'><subfield code='a'>AccessEngineering 2015-08-27</subfield></datafield><datafield ind1=' ' ind2=' ' tag='945'><subfield code='l'>w    </subfield><subfield code='g'>1</subfield></datafield><datafield ind1=' ' ind2=' ' tag='ADM'><subfield code='e'>b58225225-01tuli_inst</subfield><subfield code='d'>ILS</subfield><subfield code='a'>2017-06-20 07:56:52</subfield><subfield code='c'>false</subfield></datafield><datafield ind1=' ' ind2=' ' tag='PRT'><subfield code='a'>53383976080003811</subfield><subfield code='b'>https://sandbox01-na.alma.exlibrisgroup.com/view/uresolver/01TULI_INST/openurl?u.ignore_date_coverage=true&amp;rft.mms_id=991011218519703811</subfield><subfield code='f'>Access full text online.</subfield><subfield code='9'>Available</subfield><subfield code='d'>MAIN</subfield><subfield code='c'>Access Engineering</subfield><subfield code='8'>53383976080003811</subfield></datafield></record>