
<record xmlns='http://www.loc.gov/MARC21/slim'><leader>01262cam a22003974a 4500</leader><controlfield tag='005'>20170825172208.0</controlfield><controlfield tag='008'>040831s2005    gw a     b    001 0 eng  </controlfield><controlfield tag='001'>991011260869703811</controlfield><datafield ind1=' ' ind2=' ' tag='010'><subfield code='a'>2004115713</subfield></datafield><datafield ind1=' ' ind2=' ' tag='020'><subfield code='a'>3540208739 (hbk.)</subfield></datafield><datafield ind1=' ' ind2=' ' tag='035'><subfield code='a'>(PPT)b29730995-01tuli_inst</subfield></datafield><datafield ind1=' ' ind2=' ' tag='035'><subfield code='a'>(CStRLIN)ocn490868225</subfield><subfield code='9'>ExL</subfield></datafield><datafield ind1=' ' ind2=' ' tag='035'><subfield code='a'>PPTb29730995</subfield></datafield><datafield ind1=' ' ind2=' ' tag='035'><subfield code='a'>ocm59003466</subfield></datafield><datafield ind1=' ' ind2=' ' tag='035'><subfield code='a'>(OCLC)ocm59003466</subfield></datafield><datafield ind1=' ' ind2=' ' tag='040'><subfield code='a'>NLM</subfield><subfield code='c'>NLM</subfield><subfield code='d'>EYE</subfield><subfield code='d'>UKM</subfield><subfield code='d'>OHX</subfield><subfield code='d'>OOT</subfield></datafield><datafield ind1=' ' ind2=' ' tag='042'><subfield code='a'>pcc</subfield></datafield><datafield ind1=' ' ind2=' ' tag='079'><subfield code='a'>ocm59003466</subfield></datafield><datafield ind1=' ' ind2=' ' tag='090'><subfield code='a'>QH324.2</subfield><subfield code='b'>.B566x 2005</subfield></datafield><datafield ind1='0' ind2='0' tag='245'><subfield code='a'>Bioinformatics technologies /</subfield><subfield code='c'>Yi-Ping Phoebe Chen (ed.).</subfield></datafield><datafield ind1=' ' ind2=' ' tag='260'><subfield code='a'>Berlin ;</subfield><subfield code='a'>New York :</subfield><subfield code='b'>Springer,</subfield><subfield code='c'>c2005.</subfield></datafield><datafield ind1=' ' ind2=' ' tag='300'><subfield code='a'>xv, 396 p. :</subfield><subfield code='b'>ill. ;</subfield><subfield code='c'>25 cm.</subfield></datafield><datafield ind1=' ' ind2=' ' tag='504'><subfield code='a'>Includes bibliographical references and index.</subfield></datafield><datafield ind1=' ' ind2='0' tag='650'><subfield code='a'>Bioinformatics.</subfield></datafield><datafield ind1=' ' ind2='0' tag='650'><subfield code='a'>Bioinformatics</subfield><subfield code='x'>Methodology.</subfield></datafield><datafield ind1='1' ind2='2' tag='650'><subfield code='a'>Computational Biology.</subfield></datafield><datafield ind1='2' ind2='2' tag='650'><subfield code='a'>Biotechnology</subfield><subfield code='x'>methods.</subfield></datafield><datafield ind1='2' ind2='2' tag='650'><subfield code='a'>Database Management Systems.</subfield></datafield><datafield ind1='1' ind2=' ' tag='700'><subfield code='a'>Chen, Yi-Ping Phoebe.</subfield></datafield><datafield ind1=' ' ind2=' ' tag='902'><subfield code='a'>110512</subfield></datafield><datafield ind1=' ' ind2=' ' tag='907'><subfield code='a'>.b29730995</subfield><subfield code='b'>p    </subfield><subfield code='c'>-</subfield></datafield><datafield ind1=' ' ind2=' ' tag='945'><subfield code='l'>pstk </subfield><subfield code='g'>1</subfield></datafield><datafield ind1=' ' ind2=' ' tag='952'><subfield code='a'>NYCXV5492244-B</subfield><subfield code='b'>Cornell University</subfield><subfield code='h'>Core</subfield><subfield code='j'>NLM</subfield><subfield code='k'>DDC</subfield><subfield code='n'>NIC</subfield><subfield code='p'>PCC</subfield><subfield code='r'>CAT</subfield><subfield code='u'>20051105</subfield></datafield><datafield ind1=' ' ind2=' ' tag='979'><subfield code='a'>ocm59003466</subfield></datafield><datafield ind1=' ' ind2=' ' tag='998'><subfield code='b'>0</subfield><subfield code='c'>060629</subfield><subfield code='d'>m</subfield><subfield code='e'>a</subfield><subfield code='f'>-</subfield><subfield code='g'>0</subfield></datafield><datafield ind1=' ' ind2=' ' tag='998'><subfield code='a'>06/29/06</subfield><subfield code='s'>RLIN</subfield><subfield code='c'>DH</subfield></datafield><datafield ind1=' ' ind2=' ' tag='ADM'><subfield code='b'>2017-08-25 21:22:08</subfield><subfield code='e'>b29730995-01tuli_inst</subfield><subfield code='d'>ILS</subfield><subfield code='a'>2017-06-20 10:55:09</subfield><subfield code='c'>false</subfield></datafield><datafield ind1='0' ind2=' ' tag='HLD'><subfield code='b'>MAIN</subfield><subfield code='c'>stacks</subfield><subfield code='h'>QH324.2</subfield><subfield code='i'>.B566x 2005</subfield><subfield code='8'>22307329380003811</subfield></datafield><datafield ind1=' ' ind2=' ' tag='ITM'><subfield code='r'>22307329380003811</subfield><subfield code='b'>1</subfield><subfield code='h'>0</subfield><subfield code='g'>stacks</subfield><subfield code='t'>BOOK</subfield><subfield code='9'>39074018605287</subfield><subfield code='e'>stacks</subfield><subfield code='8'>23307329370003811</subfield><subfield code='a'>0</subfield><subfield code='q'>2017-06-20 10:55:09</subfield><subfield code='i'>QH324.2 .B566x 2005</subfield><subfield code='d'>MAIN</subfield><subfield code='f'>MAIN</subfield></datafield></record>