
<record xmlns='http://www.loc.gov/MARC21/slim'><leader>02229cam a2200481Ia 4500</leader><controlfield tag='005'>20150320070539.3</controlfield><controlfield tag='006'>m     o  d        </controlfield><controlfield tag='007'>cr cn|||||||||</controlfield><controlfield tag='008'>081117s2008    gw a    ob    001 0 eng d</controlfield><controlfield tag='001'>991020460289703811</controlfield><datafield ind1=' ' ind2=' ' tag='020'><subfield code='a'>9783540785064</subfield></datafield><datafield ind1=' ' ind2=' ' tag='020'><subfield code='a'>354078506X</subfield></datafield><datafield ind1=' ' ind2=' ' tag='020'><subfield code='a'>9783540785057 (hbk.)</subfield></datafield><datafield ind1=' ' ind2=' ' tag='020'><subfield code='a'>3540785051 (hbk.)</subfield></datafield><datafield ind1='8' ind2=' ' tag='024'><subfield code='a'>9786611862367</subfield></datafield><datafield ind1=' ' ind2=' ' tag='035'><subfield code='a'>(PPT)b49677561-01tuli_inst</subfield></datafield><datafield ind1=' ' ind2=' ' tag='035'><subfield code='a'>(OCoLC)272298814</subfield><subfield code='z'>(OCoLC)243939984</subfield><subfield code='z'>(OCoLC)488908354</subfield><subfield code='z'>(OCoLC)495285149</subfield><subfield code='z'>(OCoLC)646037602</subfield></datafield><datafield ind1=' ' ind2=' ' tag='037'><subfield code='a'>978-3-540-78505-7</subfield><subfield code='b'>Springer</subfield><subfield code='n'>http://www.springerlink.com</subfield></datafield><datafield ind1=' ' ind2=' ' tag='040'><subfield code='a'>GW5XE</subfield><subfield code='b'>eng</subfield><subfield code='c'>GW5XE</subfield><subfield code='d'>OCLCQ</subfield><subfield code='d'>OH1</subfield><subfield code='d'>Z5A</subfield><subfield code='d'>NUI</subfield><subfield code='d'>UAB</subfield><subfield code='d'>E7B</subfield><subfield code='d'>OCLCQ</subfield><subfield code='d'>VT2</subfield><subfield code='d'>A7U</subfield><subfield code='d'>OCLCQ</subfield><subfield code='d'>BEDGE</subfield></datafield><datafield ind1=' ' ind2=' ' tag='049'><subfield code='a'>TEUU</subfield></datafield><datafield ind1=' ' ind2=' ' tag='090'><subfield code='a'>QH324.2</subfield><subfield code='b'>.S64 2008eb</subfield></datafield><datafield ind1='1' ind2=' ' tag='100'><subfield code='a'>Sperschneider, V.</subfield></datafield><datafield ind1='1' ind2='0' tag='245'><subfield code='a'>Bioinformatics</subfield><subfield code='h'>[electronic resource] :</subfield><subfield code='b'>problem solving paradigms /</subfield><subfield code='c'>Volker Sperschneider ; with contributions by Jana Sperschneider and Lena Scheubert.</subfield></datafield><datafield ind1=' ' ind2=' ' tag='260'><subfield code='a'>Berlin :</subfield><subfield code='b'>Springer,</subfield><subfield code='c'>c2008.</subfield></datafield><datafield ind1=' ' ind2=' ' tag='300'><subfield code='a'>1 online resource (xviii, 289 p.) :</subfield><subfield code='b'>ill.</subfield></datafield><datafield ind1=' ' ind2=' ' tag='504'><subfield code='a'>Includes bibliographical references (p. [279]-283) and index.</subfield></datafield><datafield ind1='0' ind2=' ' tag='505'><subfield code='a'>Core bioinformatics problems -- Turning to algorithmic problems -- Dynamic programming -- Intelligent data structures -- NP-hardness of core bioinformatics problems -- Approximation algorithms -- A selection of metaheuristics and various projects.</subfield></datafield><datafield ind1=' ' ind2=' ' tag='588'><subfield code='a'>Description based on print version record.</subfield></datafield><datafield ind1=' ' ind2=' ' tag='590'><subfield code='a'>Access is available to the Temple Community through use of a networked computer with a Temple IP address.</subfield></datafield><datafield ind1=' ' ind2='0' tag='650'><subfield code='a'>Bioinformatics</subfield><subfield code='x'>Mathematics.</subfield></datafield><datafield ind1=' ' ind2='0' tag='650'><subfield code='a'>Computer algorithms.</subfield></datafield><datafield ind1=' ' ind2='7' tag='650'><subfield code='a'>Informatique.</subfield><subfield code='2'>eclas</subfield></datafield><datafield ind1=' ' ind2='4' tag='655'><subfield code='a'>Electronic books.</subfield></datafield><datafield ind1='1' ind2=' ' tag='700'><subfield code='a'>Sperschneider, Jana.</subfield></datafield><datafield ind1='1' ind2=' ' tag='700'><subfield code='a'>Scheubert, Lena.</subfield></datafield><datafield ind1='2' ind2=' ' tag='710'><subfield code='a'>SpringerLink (Online service)</subfield></datafield><datafield ind1='0' ind2='8' tag='776'><subfield code='i'>Print version:</subfield><subfield code='a'>Sperschneider, V.</subfield><subfield code='t'>Bioinformatics.</subfield><subfield code='d'>Berlin : Springer, c2008</subfield><subfield code='z'>9783540785057</subfield><subfield code='z'>3540785051</subfield><subfield code='w'>(OCoLC)227033870</subfield></datafield><datafield ind1='4' ind2='0' tag='856'><subfield code='z'>Access full text online.</subfield><subfield code='u'>http://libproxy.temple.edu/login?url=http://link.springer.com/10.1007/978-3-540-78506-4</subfield></datafield><datafield ind1=' ' ind2=' ' tag='907'><subfield code='a'>.b49677561</subfield><subfield code='b'>w    </subfield><subfield code='c'>-</subfield></datafield><datafield ind1=' ' ind2=' ' tag='902'><subfield code='a'>170601</subfield></datafield><datafield ind1=' ' ind2=' ' tag='998'><subfield code='b'>0</subfield><subfield code='c'>110925</subfield><subfield code='d'>m</subfield><subfield code='e'>@</subfield><subfield code='f'>-</subfield><subfield code='g'>0</subfield></datafield><datafield ind1=' ' ind2=' ' tag='902'><subfield code='a'>SpringerLink 2015-09-30</subfield></datafield><datafield ind1=' ' ind2=' ' tag='945'><subfield code='l'>w    </subfield><subfield code='g'>1</subfield></datafield><datafield ind1=' ' ind2=' ' tag='ADM'><subfield code='e'>b49677561-01tuli_inst</subfield><subfield code='d'>ILS</subfield><subfield code='a'>2017-06-20 12:03:24</subfield><subfield code='c'>false</subfield></datafield><datafield ind1=' ' ind2=' ' tag='PRT'><subfield code='a'>53373984300003811</subfield><subfield code='b'>https://sandbox01-na.alma.exlibrisgroup.com/view/uresolver/01TULI_INST/openurl?u.ignore_date_coverage=true&amp;rft.mms_id=991020460289703811</subfield><subfield code='f'>Access full text online.</subfield><subfield code='9'>Available</subfield><subfield code='d'>MAIN</subfield><subfield code='c'>SpringerLink Ebooks</subfield><subfield code='8'>53373984300003811</subfield></datafield></record>