
<record xmlns='http://www.loc.gov/MARC21/slim'><leader>04702cam a2200637Ia 4500</leader><controlfield tag='005'>20150320070602.2</controlfield><controlfield tag='006'>m     o  d        </controlfield><controlfield tag='007'>cr cn|||||||||</controlfield><controlfield tag='008'>090223s2009    nyua    ob    001 0 eng d</controlfield><controlfield tag='001'>991020556749703811</controlfield><datafield ind1=' ' ind2=' ' tag='020'><subfield code='a'>9780387848709</subfield></datafield><datafield ind1=' ' ind2=' ' tag='020'><subfield code='a'>0387848703</subfield></datafield><datafield ind1=' ' ind2=' ' tag='020'><subfield code='a'>9780387848693 (alk. paper)</subfield></datafield><datafield ind1=' ' ind2=' ' tag='020'><subfield code='a'>038784869X (alk. paper)</subfield></datafield><datafield ind1='8' ind2=' ' tag='024'><subfield code='a'>9786611830885</subfield></datafield><datafield ind1='7' ind2=' ' tag='024'><subfield code='a'>10.1007/978-0-387-84870-9</subfield><subfield code='2'>doi</subfield></datafield><datafield ind1=' ' ind2=' ' tag='035'><subfield code='a'>(PPT)b49697511-01tuli_inst</subfield></datafield><datafield ind1=' ' ind2=' ' tag='035'><subfield code='a'>(OCoLC)310335628</subfield><subfield code='z'>(OCoLC)300700810</subfield><subfield code='z'>(OCoLC)311302314</subfield><subfield code='z'>(OCoLC)435619604</subfield><subfield code='z'>(OCoLC)500973128</subfield><subfield code='z'>(OCoLC)506244608</subfield><subfield code='z'>(OCoLC)514162070</subfield><subfield code='z'>(OCoLC)607357178</subfield><subfield code='z'>(OCoLC)646766143</subfield><subfield code='z'>(OCoLC)656365961</subfield><subfield code='z'>(OCoLC)656451349</subfield><subfield code='z'>(OCoLC)746935956</subfield><subfield code='z'>(OCoLC)767185217</subfield><subfield code='z'>(OCoLC)880313337</subfield></datafield><datafield ind1=' ' ind2=' ' tag='037'><subfield code='a'>978-0-387-84869-3</subfield><subfield code='b'>Springer</subfield><subfield code='n'>http://www.springerlink.com</subfield></datafield><datafield ind1=' ' ind2=' ' tag='040'><subfield code='a'>GW5XE</subfield><subfield code='b'>eng</subfield><subfield code='e'>pn</subfield><subfield code='c'>GW5XE</subfield><subfield code='d'>YDXCP</subfield><subfield code='d'>IDEBK</subfield><subfield code='d'>OCLCQ</subfield><subfield code='d'>N$T</subfield><subfield code='d'>EBLCP</subfield><subfield code='d'>CDX</subfield><subfield code='d'>MND</subfield><subfield code='d'>CEF</subfield><subfield code='d'>UAB</subfield><subfield code='d'>OKU</subfield><subfield code='d'>E7B</subfield><subfield code='d'>UBC</subfield><subfield code='d'>CNCGM</subfield><subfield code='d'>ISOBC</subfield><subfield code='d'>OCLCQ</subfield><subfield code='d'>NLGGC</subfield><subfield code='d'>OCLCF</subfield><subfield code='d'>DEBSZ</subfield><subfield code='d'>BEDGE</subfield><subfield code='d'>OCLCQ</subfield><subfield code='d'>SLY</subfield><subfield code='d'>COO</subfield></datafield><datafield ind1=' ' ind2=' ' tag='049'><subfield code='a'>TEUU</subfield></datafield><datafield ind1=' ' ind2='7' tag='072'><subfield code='a'>COM</subfield><subfield code='x'>082000</subfield><subfield code='2'>bisacsh</subfield></datafield><datafield ind1=' ' ind2=' ' tag='090'><subfield code='a'>QH324.2</subfield><subfield code='b'>.M38 2009eb</subfield></datafield><datafield ind1='0' ind2='0' tag='245'><subfield code='a'>Bioinformatics</subfield><subfield code='h'>[electronic resource] :</subfield><subfield code='b'>a concept-based introduction /</subfield><subfield code='c'>Venkatarajan Subramanian Mathura and Pandjassarame Kangueane, [editors].</subfield></datafield><datafield ind1=' ' ind2=' ' tag='260'><subfield code='a'>New York :</subfield><subfield code='b'>Springer,</subfield><subfield code='c'>©2009.</subfield></datafield><datafield ind1=' ' ind2=' ' tag='300'><subfield code='a'>1 online resource (xviii, 184 pages) :</subfield><subfield code='b'>illustrations</subfield></datafield><datafield ind1=' ' ind2=' ' tag='336'><subfield code='a'>text</subfield><subfield code='b'>txt</subfield><subfield code='2'>rdacontent/dut</subfield></datafield><datafield ind1=' ' ind2=' ' tag='337'><subfield code='a'>computer</subfield><subfield code='b'>c</subfield><subfield code='2'>rdamedia/dut</subfield></datafield><datafield ind1=' ' ind2=' ' tag='338'><subfield code='a'>online bron</subfield><subfield code='b'>cr</subfield><subfield code='2'>rdacarrier/dut</subfield></datafield><datafield ind1=' ' ind2=' ' tag='504'><subfield code='a'>Includes bibliographical references and index.</subfield></datafield><datafield ind1='0' ind2=' ' tag='505'><subfield code='a'>Introduction to biological systems / Claude-Ehnry Volmar [and others] -- Computer programming fundamentals and concepts / Deepak N. Kolippakkam, Pankaj Gupta and Venkatarajan S. Mathura -- Introduction to algorithms / Sethilkumar Radhakrishnan, Deepak Kolippakkam and Venkatarajan S. Mathura -- Biological sequence databases / Meena Sakharkar, Pandjassarame Kangueane and Venkatarajan S. Mathura -- Biological sequence search and analysis / Venkatarajan S. Mathura -- Protein structure prediction / Hongyi Zhou, Yaoqi Zhou and Venkatarajan S. Mathura -- Protein-protein interactions and macromolecular visualization / Arun Ramani [and others] -- Genes, genomics, microarray methods and analysis / Ghania Ait-Ghezala and Venkatarajan S. Mathura -- Introduction to proteomics / Fai Poon and Venkatarajan S. Mathura -- Biomedical literature mining / Chaolin Zhang and Michael Q. Zhang -- Computational immunology : HLA-peptide binding prediction / Pandjassarame Kangueane, Bing Zhao and Meena K. Sakharkar -- Bioinformatics application : eukaryotic gene count and evolution / Meena K. Sakharkar and Pandjassarame Kangueane -- Bioinformatics application : predicting protein subcellular localization by applying machine learning / Pingzhao Hu [and others] -- Bioinformatics analysis : gene fusion / Meena Kishore Sakharkar, Yiting Yu and Pandjassarame Kangueane.</subfield></datafield><datafield ind1='0' ind2=' ' tag='588'><subfield code='a'>Print version record.</subfield></datafield><datafield ind1=' ' ind2=' ' tag='520'><subfield code='a'>Bioinformatics: A Concept-Based Introduction is provides a balance of information on computational methods and biological information. Instead of delving in depth, a broad but necessary overview is provided for each topic, resulting in content that will benefit readers with different levels of expertise. This book contains contributions from experts in the field on emerging topics like Immunoinformatics, Genomics and Proteomics. It discusses real-world problems with Bioinformatics solutions, cites important URLs and contains selected chapter exercises to reinforce concepts.</subfield></datafield><datafield ind1=' ' ind2=' ' tag='590'><subfield code='a'>Access is available to the Temple Community through use of a networked computer with a Temple IP address.</subfield></datafield><datafield ind1=' ' ind2='0' tag='650'><subfield code='a'>Bioinformatics.</subfield></datafield><datafield ind1='1' ind2='2' tag='650'><subfield code='a'>Computational Biology.</subfield></datafield><datafield ind1='1' ind2='4' tag='650'><subfield code='a'>Life Sciences.</subfield></datafield><datafield ind1=' ' ind2='7' tag='650'><subfield code='a'>COMPUTERS</subfield><subfield code='x'>Bioinformatics.</subfield><subfield code='2'>bisacsh</subfield></datafield><datafield ind1=' ' ind2='7' tag='650'><subfield code='a'>Sciences de la vie.</subfield><subfield code='2'>eclas</subfield></datafield><datafield ind1=' ' ind2='7' tag='650'><subfield code='a'>Biomédecine.</subfield><subfield code='2'>eclas</subfield></datafield><datafield ind1=' ' ind2='7' tag='650'><subfield code='a'>Bioinformatics.</subfield><subfield code='2'>fast</subfield><subfield code='0'>(OCoLC)fst00832181</subfield></datafield><datafield ind1=' ' ind2='7' tag='650'><subfield code='a'>Biologie informatique.</subfield><subfield code='2'>ram</subfield></datafield><datafield ind1='0' ind2='7' tag='650'><subfield code='a'>Bioinformatics.</subfield><subfield code='2'>cct</subfield></datafield><datafield ind1='0' ind2='7' tag='650'><subfield code='a'>Electronic books.</subfield><subfield code='2'>cct</subfield></datafield><datafield ind1='0' ind2='7' tag='650'><subfield code='a'>Computational Biology.</subfield><subfield code='2'>cct</subfield></datafield><datafield ind1=' ' ind2='4' tag='655'><subfield code='a'>Electronic books.</subfield></datafield><datafield ind1='1' ind2=' ' tag='700'><subfield code='a'>Mathura, Venkatarajan Subramanian.</subfield></datafield><datafield ind1='1' ind2=' ' tag='700'><subfield code='a'>Kangueane, Pandjassarame.</subfield></datafield><datafield ind1='2' ind2=' ' tag='710'><subfield code='a'>SpringerLink (Online service)</subfield></datafield><datafield ind1='0' ind2='8' tag='776'><subfield code='i'>Print version:</subfield><subfield code='t'>Bioinformatics.</subfield><subfield code='d'>New York : Springer, ©2009</subfield><subfield code='z'>9780387848693</subfield><subfield code='z'>038784869X</subfield><subfield code='w'>(DLC)  2008932359</subfield><subfield code='w'>(OCoLC)295033360</subfield></datafield><datafield ind1='4' ind2='0' tag='856'><subfield code='z'>Access full text online.</subfield><subfield code='u'>http://libproxy.temple.edu/login?url=http://link.springer.com/10.1007/978-0-387-84870-9</subfield></datafield><datafield ind1=' ' ind2=' ' tag='907'><subfield code='a'>.b49697511</subfield><subfield code='b'>w    </subfield><subfield code='c'>-</subfield></datafield><datafield ind1=' ' ind2=' ' tag='902'><subfield code='a'>170601</subfield></datafield><datafield ind1=' ' ind2=' ' tag='998'><subfield code='b'>0</subfield><subfield code='c'>110925</subfield><subfield code='d'>m</subfield><subfield code='e'>@</subfield><subfield code='f'>-</subfield><subfield code='g'>0</subfield></datafield><datafield ind1=' ' ind2=' ' tag='902'><subfield code='a'>SpringerLink 2015-09-30</subfield></datafield><datafield ind1=' ' ind2=' ' tag='945'><subfield code='l'>w    </subfield><subfield code='g'>1</subfield></datafield><datafield ind1=' ' ind2=' ' tag='ADM'><subfield code='e'>b49697511-01tuli_inst</subfield><subfield code='d'>ILS</subfield><subfield code='a'>2017-06-20 06:43:21</subfield><subfield code='c'>false</subfield></datafield><datafield ind1=' ' ind2=' ' tag='PRT'><subfield code='a'>53374251610003811</subfield><subfield code='b'>https://sandbox01-na.alma.exlibrisgroup.com/view/uresolver/01TULI_INST/openurl?u.ignore_date_coverage=true&amp;rft.mms_id=991020556749703811</subfield><subfield code='f'>Access full text online.</subfield><subfield code='9'>Available</subfield><subfield code='d'>MAIN</subfield><subfield code='c'>SpringerLink Ebooks</subfield><subfield code='8'>53374251610003811</subfield></datafield></record>