
<record xmlns='http://www.loc.gov/MARC21/slim'><leader>03544cam a2200637Ia 4500</leader><controlfield tag='005'>20150320071432.9</controlfield><controlfield tag='006'>m     o  d        </controlfield><controlfield tag='007'>cr cn|||||||||</controlfield><controlfield tag='008'>090622s2009    enka    ob    001 0 eng d</controlfield><controlfield tag='001'>991020620799703811</controlfield><datafield ind1=' ' ind2=' ' tag='020'><subfield code='a'>9781848002579</subfield></datafield><datafield ind1=' ' ind2=' ' tag='020'><subfield code='a'>1848002572</subfield></datafield><datafield ind1=' ' ind2=' ' tag='020'><subfield code='a'>9781848002562 (hbk. : alk. paper)</subfield></datafield><datafield ind1=' ' ind2=' ' tag='020'><subfield code='a'>1848002564 (hbk. : alk. paper)</subfield></datafield><datafield ind1=' ' ind2=' ' tag='035'><subfield code='a'>(PPT)b49710461-01tuli_inst</subfield></datafield><datafield ind1=' ' ind2=' ' tag='035'><subfield code='a'>(OCoLC)405547123</subfield><subfield code='z'>(OCoLC)370599224</subfield><subfield code='z'>(OCoLC)432105822</subfield><subfield code='z'>(OCoLC)514118117</subfield><subfield code='z'>(OCoLC)647766502</subfield><subfield code='z'>(OCoLC)760154801</subfield></datafield><datafield ind1=' ' ind2=' ' tag='037'><subfield code='a'>978-1-84800-256-2</subfield><subfield code='b'>Springer</subfield><subfield code='n'>http://www.springerlink.com</subfield></datafield><datafield ind1=' ' ind2=' ' tag='040'><subfield code='a'>GW5XE</subfield><subfield code='b'>eng</subfield><subfield code='e'>pn</subfield><subfield code='c'>GW5XE</subfield><subfield code='d'>IDEBK</subfield><subfield code='d'>OCLCQ</subfield><subfield code='d'>YDXCP</subfield><subfield code='d'>OCLCQ</subfield><subfield code='d'>OCLCO</subfield><subfield code='d'>HUA</subfield><subfield code='d'>N$T</subfield><subfield code='d'>EBLCP</subfield><subfield code='d'>E7B</subfield><subfield code='d'>AU@</subfield><subfield code='d'>NLGGC</subfield><subfield code='d'>OCLCQ</subfield><subfield code='d'>OCLCF</subfield><subfield code='d'>BEDGE</subfield><subfield code='d'>DEBSZ</subfield></datafield><datafield ind1=' ' ind2=' ' tag='049'><subfield code='a'>TEUU</subfield></datafield><datafield ind1=' ' ind2=' ' tag='070'><subfield code='a'>QH324.2</subfield><subfield code='b'>.R35 2009</subfield></datafield><datafield ind1=' ' ind2='7' tag='072'><subfield code='a'>COM</subfield><subfield code='x'>082000</subfield><subfield code='2'>bisacsh</subfield></datafield><datafield ind1=' ' ind2=' ' tag='090'><subfield code='a'>QH324.2</subfield><subfield code='b'>.R35 2009</subfield></datafield><datafield ind1=' ' ind2=' ' tag='096'><subfield code='a'>QU 26.5</subfield><subfield code='b'>R182b 2009</subfield></datafield><datafield ind1='1' ind2=' ' tag='100'><subfield code='a'>Ramsden, Jeremy.</subfield></datafield><datafield ind1='1' ind2='0' tag='245'><subfield code='a'>Bioinformatics</subfield><subfield code='h'>[electronic resource] :</subfield><subfield code='b'>an introduction /</subfield><subfield code='c'>Jeremy J. Ramsden.</subfield></datafield><datafield ind1=' ' ind2=' ' tag='250'><subfield code='a'>2nd ed.</subfield></datafield><datafield ind1=' ' ind2=' ' tag='260'><subfield code='a'>London :</subfield><subfield code='b'>Springer,</subfield><subfield code='c'>©2009.</subfield></datafield><datafield ind1=' ' ind2=' ' tag='300'><subfield code='a'>1 online resource (xvi, 271 pages) :</subfield><subfield code='b'>illustrations.</subfield></datafield><datafield ind1=' ' ind2=' ' tag='336'><subfield code='a'>text</subfield><subfield code='b'>txt</subfield><subfield code='2'>rdacontent</subfield></datafield><datafield ind1=' ' ind2=' ' tag='337'><subfield code='a'>computer</subfield><subfield code='b'>c</subfield><subfield code='2'>rdamedia</subfield></datafield><datafield ind1=' ' ind2=' ' tag='338'><subfield code='a'>online resource</subfield><subfield code='b'>cr</subfield><subfield code='2'>rdacarrier</subfield></datafield><datafield ind1='1' ind2=' ' tag='490'><subfield code='a'>Computational biology series,</subfield><subfield code='x'>1568-2684</subfield></datafield><datafield ind1=' ' ind2=' ' tag='500'><subfield code='a'>Previous edition: Dordrecht: Kluwer Academic, 2004.</subfield></datafield><datafield ind1=' ' ind2=' ' tag='504'><subfield code='a'>Includes bibliographical references (pages 259-265) and index.</subfield></datafield><datafield ind1='0' ind2=' ' tag='505'><subfield code='a'>1 Introduction -- What is Bioinformatics? -- What Can Bioinformatics Do? -- Part I Information -- 2 The Nature of Information -- 3 The Transmission of Information -- 4 Sets and Combinatorics -- 5 Probability and Likelihood -- 6 Randomness and Complexity -- 7 Systems, Networks, and Circuits -- 8 Algorithms -- Part II Biology -- 9 Introduction to Part II -- 10 The Nature of Living Things -- 11 The Molecules of Life -- Part III Applications -- 12 Introduction to Part III -- 13 Genomics -- 14 Proteomics -- 15 Interactomics: Interactions and Regulatory Networks -- 16 Metabolomics and Metabonomics -- 17 Medical Applications -- 18 The Organization of Knowledge.</subfield></datafield><datafield ind1=' ' ind2=' ' tag='520'><subfield code='a'>Gives a foundation in, and an introduction to, the field of bioinformatics and computational biology research. This title includes examples, definitions, problems and a comprehensive and useful bibliography. It also offers additional chapters on algorithms and knowledge representation, including text mining.</subfield></datafield><datafield ind1=' ' ind2=' ' tag='588'><subfield code='a'>Description based on print version record.</subfield></datafield><datafield ind1=' ' ind2=' ' tag='590'><subfield code='a'>Access is available to the Temple Community through use of a networked computer with a Temple IP address.</subfield></datafield><datafield ind1=' ' ind2='0' tag='650'><subfield code='a'>Bioinformatics.</subfield></datafield><datafield ind1='1' ind2='2' tag='650'><subfield code='a'>Computational Biology.</subfield></datafield><datafield ind1=' ' ind2='4' tag='650'><subfield code='a'>Science.</subfield></datafield><datafield ind1=' ' ind2='4' tag='650'><subfield code='a'>Science: Biology</subfield><subfield code='x'>Natural History.</subfield></datafield><datafield ind1=' ' ind2='7' tag='650'><subfield code='a'>COMPUTERS</subfield><subfield code='x'>Bioinformatics.</subfield><subfield code='2'>bisacsh</subfield></datafield><datafield ind1=' ' ind2='7' tag='650'><subfield code='a'>Bioinformatics.</subfield><subfield code='2'>fast</subfield><subfield code='0'>(OCoLC)fst00832181</subfield></datafield><datafield ind1=' ' ind2='7' tag='650'><subfield code='a'>Informatique.</subfield><subfield code='2'>eclas</subfield></datafield><datafield ind1=' ' ind2='4' tag='655'><subfield code='a'>Electronic books.</subfield></datafield><datafield ind1=' ' ind2='0' tag='655'><subfield code='a'>Electronic books.</subfield></datafield><datafield ind1='2' ind2=' ' tag='710'><subfield code='a'>SpringerLink (Online service)</subfield></datafield><datafield ind1='0' ind2='8' tag='776'><subfield code='i'>Print version:</subfield><subfield code='a'>Ramsden, Jeremy.</subfield><subfield code='t'>Bioinformatics.</subfield><subfield code='b'>2nd ed.</subfield><subfield code='d'>London : Springer, ©2009</subfield><subfield code='z'>9781848002562</subfield><subfield code='z'>1848002564</subfield><subfield code='w'>(DLC)  2009920488</subfield><subfield code='w'>(OCoLC)262720243</subfield></datafield><datafield ind1=' ' ind2='0' tag='830'><subfield code='a'>Computational biology.</subfield></datafield><datafield ind1='4' ind2='0' tag='856'><subfield code='z'>Access full text online.</subfield><subfield code='u'>http://libproxy.temple.edu/login?url=http://link.springer.com/10.1007/978-1-84800-257-9</subfield></datafield><datafield ind1=' ' ind2=' ' tag='907'><subfield code='a'>.b49710461</subfield><subfield code='b'>w    </subfield><subfield code='c'>-</subfield></datafield><datafield ind1=' ' ind2=' ' tag='902'><subfield code='a'>170601</subfield></datafield><datafield ind1=' ' ind2=' ' tag='998'><subfield code='b'>0</subfield><subfield code='c'>110925</subfield><subfield code='d'>m</subfield><subfield code='e'>@</subfield><subfield code='f'>-</subfield><subfield code='g'>0</subfield></datafield><datafield ind1=' ' ind2=' ' tag='902'><subfield code='a'>SpringerLink 2015-09-30</subfield></datafield><datafield ind1=' ' ind2=' ' tag='945'><subfield code='l'>w    </subfield><subfield code='g'>1</subfield></datafield><datafield ind1=' ' ind2=' ' tag='ADM'><subfield code='e'>b49710461-01tuli_inst</subfield><subfield code='d'>ILS</subfield><subfield code='a'>2017-06-20 08:49:10</subfield><subfield code='c'>false</subfield></datafield><datafield ind1=' ' ind2=' ' tag='PRT'><subfield code='a'>53374513920003811</subfield><subfield code='b'>https://sandbox01-na.alma.exlibrisgroup.com/view/uresolver/01TULI_INST/openurl?u.ignore_date_coverage=true&amp;rft.mms_id=991020620799703811</subfield><subfield code='f'>Access full text online.</subfield><subfield code='9'>Available</subfield><subfield code='d'>MAIN</subfield><subfield code='c'>SpringerLink Ebooks</subfield><subfield code='8'>53374513920003811</subfield></datafield></record>