
<record xmlns='http://www.loc.gov/MARC21/slim'><leader>02723cam a2200397 a 4500</leader><controlfield tag='005'>20170825211350.0</controlfield><controlfield tag='008'>100223s2011    flua     b    001 0 eng  </controlfield><controlfield tag='001'>991007485309703811</controlfield><datafield ind1=' ' ind2=' ' tag='010'><subfield code='a'>2010003953</subfield></datafield><datafield ind1=' ' ind2=' ' tag='020'><subfield code='a'>9781439814888</subfield></datafield><datafield ind1=' ' ind2=' ' tag='020'><subfield code='a'>1439814880</subfield></datafield><datafield ind1=' ' ind2=' ' tag='035'><subfield code='a'>(PPT)b45421894-01tuli_inst</subfield></datafield><datafield ind1=' ' ind2=' ' tag='035'><subfield code='a'>(OCoLC)ocn708642143</subfield><subfield code='9'>ExL</subfield></datafield><datafield ind1=' ' ind2=' ' tag='035'><subfield code='a'>(OCoLC)430057109</subfield><subfield code='z'>(OCoLC)653077357</subfield></datafield><datafield ind1=' ' ind2=' ' tag='035'><subfield code='a'>ocn430057109</subfield></datafield><datafield ind1=' ' ind2=' ' tag='035'><subfield code='a'>(OCLC)ocn430057109</subfield></datafield><datafield ind1=' ' ind2=' ' tag='040'><subfield code='a'>DLC</subfield><subfield code='c'>DLC</subfield><subfield code='d'>BTCTA</subfield><subfield code='d'>UKM</subfield><subfield code='d'>YDXCP</subfield><subfield code='d'>C#P</subfield><subfield code='d'>BWX</subfield><subfield code='d'>CDX</subfield></datafield><datafield ind1=' ' ind2=' ' tag='049'><subfield code='a'>IG$A</subfield></datafield><datafield ind1=' ' ind2=' ' tag='079'><subfield code='a'>ocn430057109</subfield></datafield><datafield ind1=' ' ind2=' ' tag='090'><subfield code='a'>QH324.2</subfield><subfield code='b'>.B5487 2011</subfield></datafield><datafield ind1='0' ind2='0' tag='245'><subfield code='a'>Bioinformatics :</subfield><subfield code='b'>high performance parallel computer architectures /</subfield><subfield code='c'>edited by Bertil Schmidt.</subfield></datafield><datafield ind1=' ' ind2=' ' tag='260'><subfield code='a'>Boca Raton :</subfield><subfield code='b'>CRC Press,</subfield><subfield code='c'>c2011.</subfield></datafield><datafield ind1=' ' ind2=' ' tag='300'><subfield code='a'>xiv, 356 p. :</subfield><subfield code='b'>ill. ;</subfield><subfield code='c'>25 cm.</subfield></datafield><datafield ind1='1' ind2=' ' tag='490'><subfield code='a'>Embedded multi-core systems</subfield></datafield><datafield ind1=' ' ind2=' ' tag='504'><subfield code='a'>Includes bibliographical references and index.</subfield></datafield><datafield ind1='0' ind2=' ' tag='505'><subfield code='a'>Algorithms for bioinformatics / Bertil Schmidt -- Introduction to GPGPUs and massively threaded programming / Robert M. Farber -- FPGA : architecture and programming / Douglas Maskell -- Parallel algorithms for alignments on the cell BE / Abhinav Sarje and Srinivas Aluru -- Orchestrating the phylogenetic likelihood function on emerging parallel architectures / Alexandros Stamatakis -- Parallel bioinformatics algorithms for CUDA-enabled GPUs / Yongchao Liu, Bertil Schmidt, and Douglas Maskell -- CUDA error correction method for high-throughput short-read sequencing data / Haixiang Shi, Weiguo Liu, and Bertil Schmidt -- FPGA acceleration of seeded similarity searching / Arpith C. Jacob ... [et al.] -- Seed-based parallel protein sequence comparison combining multithreading, GPU, and FPGA technologies / Dominique Lavenier and Van-Hoa Nguyen -- Database searching with profile-hidden Markov models on reconfigurable and many-core architectures / John Paul Walters, Vipin Chaudhary, and Bertil Schmidt -- COPACOBANA : a massively parallel FPGA-based computer architecutre / Manfred Schimmler ... [et al.] -- Accelerating string set matching for bioinformatics using FPGA hardware / Yoginder S. Dandass -- Reconfigurable neural system and its application to dimeric protein binding site identification / Feng Lin and Maria Stepanova -- Parallel FPGA search engine for protein identification / Daniel Coca, Istvan Bogdan, and Robert J. Beynon.</subfield></datafield><datafield ind1=' ' ind2='0' tag='650'><subfield code='a'>Bioinformatics</subfield><subfield code='x'>Data processing.</subfield></datafield><datafield ind1=' ' ind2='0' tag='650'><subfield code='a'>Parallel processing (Electronic computers)</subfield></datafield><datafield ind1='1' ind2=' ' tag='700'><subfield code='a'>Schmidt, Bertil.</subfield></datafield><datafield ind1=' ' ind2='0' tag='830'><subfield code='a'>Embedded multi-core systems.</subfield></datafield><datafield ind1=' ' ind2=' ' tag='902'><subfield code='a'>150920</subfield></datafield><datafield ind1=' ' ind2=' ' tag='907'><subfield code='a'>.b45421894</subfield><subfield code='b'>p    </subfield><subfield code='c'>-</subfield></datafield><datafield ind1=' ' ind2=' ' tag='945'><subfield code='l'>pstk </subfield><subfield code='g'>1</subfield></datafield><datafield ind1=' ' ind2=' ' tag='979'><subfield code='a'>ocn430057109</subfield></datafield><datafield ind1=' ' ind2=' ' tag='998'><subfield code='b'>1</subfield><subfield code='c'>110301</subfield><subfield code='d'>m</subfield><subfield code='e'>a</subfield><subfield code='f'>-</subfield><subfield code='g'>0</subfield></datafield><datafield ind1=' ' ind2=' ' tag='998'><subfield code='b'>1</subfield><subfield code='c'>110301</subfield><subfield code='d'>m</subfield><subfield code='e'>a</subfield><subfield code='f'>-</subfield><subfield code='g'>0</subfield></datafield><datafield ind1=' ' ind2=' ' tag='ADM'><subfield code='b'>2017-08-26 01:13:50</subfield><subfield code='e'>b45421894-01tuli_inst</subfield><subfield code='d'>ILS</subfield><subfield code='a'>2017-06-20 10:06:35</subfield><subfield code='c'>false</subfield></datafield><datafield ind1='0' ind2=' ' tag='HLD'><subfield code='b'>MAIN</subfield><subfield code='c'>stacks</subfield><subfield code='h'>QH324.2</subfield><subfield code='i'>.B5487 2011</subfield><subfield code='8'>22299941800003811</subfield></datafield><datafield ind1=' ' ind2=' ' tag='ITM'><subfield code='r'>22299941800003811</subfield><subfield code='b'>1</subfield><subfield code='h'>0</subfield><subfield code='g'>stacks</subfield><subfield code='t'>BOOK</subfield><subfield code='9'>39074026012260</subfield><subfield code='e'>stacks</subfield><subfield code='8'>23299941790003811</subfield><subfield code='a'>0</subfield><subfield code='q'>2017-06-20 10:06:35</subfield><subfield code='i'>QH324.2 .B5487 2011</subfield><subfield code='d'>MAIN</subfield><subfield code='f'>MAIN</subfield></datafield></record>