
<record xmlns='http://www.loc.gov/MARC21/slim'><leader>01261nam  2200337Ia 4500</leader><controlfield tag='001'>991036741232503811</controlfield><controlfield tag='005'>20170809161243.0</controlfield><controlfield tag='006'>m     o  d |      </controlfield><controlfield tag='007'>cr -n---------</controlfield><controlfield tag='008'>070509s2007    maua    ob    001 0 eng d</controlfield><datafield ind1=' ' ind2=' ' tag='010'><subfield code='z'>  2007275486</subfield></datafield><datafield ind1=' ' ind2=' ' tag='020'><subfield code='a'>1-59693-125-6</subfield></datafield><datafield ind1=' ' ind2=' ' tag='035'><subfield code='a'>(CKB)1000000000533983</subfield></datafield><datafield ind1=' ' ind2=' ' tag='035'><subfield code='a'>(EBL)338755</subfield></datafield><datafield ind1=' ' ind2=' ' tag='035'><subfield code='a'>(OCoLC)476154899</subfield></datafield><datafield ind1=' ' ind2=' ' tag='035'><subfield code='a'>(SSID)ssj0000254970</subfield></datafield><datafield ind1=' ' ind2=' ' tag='035'><subfield code='a'>(PQKBManifestationID)11218170</subfield></datafield><datafield ind1=' ' ind2=' ' tag='035'><subfield code='a'>(PQKBTitleCode)TC0000254970</subfield></datafield><datafield ind1=' ' ind2=' ' tag='035'><subfield code='a'>(PQKBWorkID)10229263</subfield></datafield><datafield ind1=' ' ind2=' ' tag='035'><subfield code='a'>(PQKB)10527645</subfield></datafield><datafield ind1=' ' ind2=' ' tag='035'><subfield code='a'>(MiAaPQ)EBC338755</subfield></datafield><datafield ind1=' ' ind2=' ' tag='035'><subfield code='a'>(EXLCZ)991000000000533983</subfield></datafield><datafield ind1=' ' ind2=' ' tag='040'><subfield code='a'>MiAaPQ</subfield><subfield code='c'>MiAaPQ</subfield><subfield code='d'>MiAaPQ</subfield></datafield><datafield ind1=' ' ind2=' ' tag='041'><subfield code='a'>eng</subfield></datafield><datafield ind1=' ' ind2='4' tag='050'><subfield code='a'>QH324.2</subfield><subfield code='b'>.S95 2007</subfield></datafield><datafield ind1='0' ind2='0' tag='082'><subfield code='a'>570.285</subfield><subfield code='a'>572.80285</subfield></datafield><datafield ind1='1' ind2=' ' tag='100'><subfield code='a'>Alterovitz, Gil.</subfield></datafield><datafield ind1='0' ind2='0' tag='245'><subfield code='a'>Systems bioinformatics</subfield><subfield code='h'>[electronic resource] :</subfield><subfield code='b'>an engineering case-based approach /</subfield><subfield code='c'>Gil Alterovitz, Marco F. Ramoni, editors.</subfield></datafield><datafield ind1=' ' ind2=' ' tag='260'><subfield code='a'>Norwood, MA :</subfield><subfield code='b'>Artech House,</subfield><subfield code='c'>c2007.</subfield></datafield><datafield ind1=' ' ind2=' ' tag='300'><subfield code='a'>1 online resource (404 p.)</subfield></datafield><datafield ind1=' ' ind2=' ' tag='336'><subfield code='a'>text</subfield><subfield code='b'>txt</subfield></datafield><datafield ind1=' ' ind2=' ' tag='337'><subfield code='a'>computer</subfield><subfield code='b'>c</subfield></datafield><datafield ind1=' ' ind2=' ' tag='338'><subfield code='a'>online resource</subfield><subfield code='b'>cr</subfield></datafield><datafield ind1='1' ind2=' ' tag='490'><subfield code='a'>Artech House bioinformatics &amp; biomedical imaging series</subfield></datafield><datafield ind1=' ' ind2=' ' tag='500'><subfield code='a'>Description based upon print version of record.</subfield></datafield><datafield ind1='0' ind2=' ' tag='505'><subfield code='a'>Contents; Preface; Part I Introduction: Molecular and Cellular Biology; Chapter 1 Molecular and Cellular Biology: An Engineering Perspective; Chapter 2 Proteomics: From Genome to Proteome; Part II Analysis: Signal Processing; Chapter 3 Introduction to Biological Signal Processing at the Cell Level; Chapter 4 Signal Processing Methods for Mass Spectrometry; Part III Analysis: Control and Systems; Chapter 5 Control and Systems Fundamentals; Chapter 6 Modeling Cellular Networks; Part IV Analysis: Probabilistic Data Networks and Communications</subfield></datafield><datafield ind1='8' ind2=' ' tag='505'><subfield code='a'>Chapter 7 Topological Analysis of Biomolecular NetworksChapter 8 Bayesian Networks for Genetic Analysis; Part V Design: Synthetic Biology; Chapter 9 Fundamentals of Design for Synthetic Biology; Chapter 10 BioJADE: Designing and Building Synthetic Biological Systems from Parts; Chapter 11 Applied Cellular Engineering; Part VI Integration: Applying Biology&apos;s Designs and Principles in Engineering; Chapter 12 The Three Faces of DNA/RNA Sequence Hybridization; Chapter 13 Application of Biomolecular Computing to Breakthroughs in Cryptography</subfield></datafield><datafield ind1='8' ind2=' ' tag='505'><subfield code='a'>Chapter 14 Chemotaxis: Learning Navigation and Source Localization Strategies from Biology&apos;s Engineered DesignsSystems Bioinformatics: Trends and Conclusions; Appendix Contributing Authors and Contact Information; About the Editors; Index</subfield></datafield><datafield ind1=' ' ind2=' ' tag='520'><subfield code='a'>Powerful engineering tools can help solve today&apos;s complex biological and biomedical research challenges - and this first-of-its-kind guide is paving the way . This trail-blazing work gives engineers a quantitative systems approach to bioinformatics research using computational tools drawn from technical disciplines. It presents biological processes in an engineering context to help engineers use their technical skills in solving novel biological problems and also to facilitate reverse engineering from biology in developing synthetic biological devices.</subfield></datafield><datafield ind1=' ' ind2=' ' tag='546'><subfield code='a'>English</subfield></datafield><datafield ind1=' ' ind2=' ' tag='504'><subfield code='a'>Includes bibliographical references and indexes.</subfield></datafield><datafield ind1=' ' ind2='0' tag='650'><subfield code='a'>Bioinformatics.</subfield></datafield><datafield ind1=' ' ind2='0' tag='650'><subfield code='a'>Biological systems.</subfield></datafield><datafield ind1=' ' ind2='0' tag='650'><subfield code='a'>Cytology</subfield><subfield code='x'>Data processing.</subfield></datafield><datafield ind1=' ' ind2='0' tag='650'><subfield code='a'>Proteomics</subfield><subfield code='x'>Data processing.</subfield></datafield><datafield ind1=' ' ind2='4' tag='655'><subfield code='a'>Electronic books.</subfield></datafield><datafield ind1=' ' ind2=' ' tag='776'><subfield code='z'>1-59693-124-8</subfield></datafield><datafield ind1='1' ind2=' ' tag='700'><subfield code='a'>Alterovitz, Gil.</subfield></datafield><datafield ind1='1' ind2=' ' tag='700'><subfield code='a'>Ramoni, Marco F.</subfield></datafield><datafield ind1=' ' ind2='0' tag='830'><subfield code='a'>Artech House bioinformatics &amp; biomedical imaging series.</subfield></datafield><datafield ind1=' ' ind2=' ' tag='906'><subfield code='a'>BOOK</subfield></datafield><datafield ind1=' ' ind2=' ' tag='PRT'><subfield code='a'>53396206710003811</subfield><subfield code='b'>https://sandbox01-na.alma.exlibrisgroup.com/view/uresolver/01TULI_INST/openurl?u.ignore_date_coverage=true&amp;rft.mms_id=991036741232503811</subfield><subfield code='e'>EBSCOhost</subfield><subfield code='c'>EBSCOhost eBook Community College Collection</subfield><subfield code='h'>613860000000000003</subfield><subfield code='8'>53396206710003811</subfield></datafield><datafield ind1=' ' ind2=' ' tag='PRT'><subfield code='a'>53393634530003811</subfield><subfield code='b'>https://sandbox01-na.alma.exlibrisgroup.com/view/uresolver/01TULI_INST/openurl?u.ignore_date_coverage=true&amp;rft.mms_id=991036741232503811</subfield><subfield code='e'>EBSCOhost</subfield><subfield code='c'>EBSCOhost Academic eBook Collection (North America)</subfield><subfield code='h'>613640000000000029</subfield><subfield code='8'>53393634530003811</subfield></datafield><datafield ind1=' ' ind2=' ' tag='PRT'><subfield code='a'>53404591340003811</subfield><subfield code='b'>https://sandbox01-na.alma.exlibrisgroup.com/view/uresolver/01TULI_INST/openurl?u.ignore_date_coverage=true&amp;rft.mms_id=991036741232503811</subfield><subfield code='e'>EBSCOhost</subfield><subfield code='c'>eBook EngineeringCore Collection</subfield><subfield code='h'>613790000000001573</subfield><subfield code='8'>53404591340003811</subfield></datafield><datafield ind1=' ' ind2=' ' tag='PRT'><subfield code='a'>53420594810003811</subfield><subfield code='b'>https://sandbox01-na.alma.exlibrisgroup.com/view/uresolver/01TULI_INST/openurl?u.ignore_date_coverage=true&amp;rft.mms_id=991036741232503811</subfield><subfield code='e'>Ebook Central</subfield><subfield code='c'>Ebook Central Academic Complete</subfield><subfield code='h'>614200000000000002</subfield><subfield code='8'>53420594810003811</subfield></datafield></record>