
<record xmlns='http://www.loc.gov/MARC21/slim'><leader>03616nam a22005055i 4500</leader><controlfield tag='001'>991036801677503811</controlfield><controlfield tag='005'>20170919163220.0</controlfield><controlfield tag='006'>m     o  d |      </controlfield><controlfield tag='007'>cr -n---------</controlfield><controlfield tag='008'>160427s2016    gw |    o    |||| 0|eng d</controlfield><datafield ind1=' ' ind2=' ' tag='020'><subfield code='a'>3-319-28755-9</subfield></datafield><datafield ind1='7' ind2=' ' tag='024'><subfield code='a'>10.1007/978-3-319-28755-3</subfield><subfield code='2'>doi</subfield></datafield><datafield ind1=' ' ind2=' ' tag='035'><subfield code='a'>(CKB)3710000000653661</subfield></datafield><datafield ind1=' ' ind2=' ' tag='035'><subfield code='a'>(EBL)4515768</subfield></datafield><datafield ind1=' ' ind2=' ' tag='035'><subfield code='a'>(SSID)ssj0001665622</subfield></datafield><datafield ind1=' ' ind2=' ' tag='035'><subfield code='a'>(PQKBManifestationID)16454912</subfield></datafield><datafield ind1=' ' ind2=' ' tag='035'><subfield code='a'>(PQKBTitleCode)TC0001665622</subfield></datafield><datafield ind1=' ' ind2=' ' tag='035'><subfield code='a'>(PQKBWorkID)15000589</subfield></datafield><datafield ind1=' ' ind2=' ' tag='035'><subfield code='a'>(PQKB)10746799</subfield></datafield><datafield ind1=' ' ind2=' ' tag='035'><subfield code='a'>(DE-He213)978-3-319-28755-3</subfield></datafield><datafield ind1=' ' ind2=' ' tag='035'><subfield code='a'>(MiAaPQ)EBC4515768</subfield></datafield><datafield ind1=' ' ind2=' ' tag='035'><subfield code='a'>(EXLCZ)993710000000653661</subfield></datafield><datafield ind1=' ' ind2=' ' tag='040'><subfield code='a'>MiAaPQ</subfield><subfield code='b'>eng</subfield><subfield code='e'>rda</subfield><subfield code='e'>pn</subfield><subfield code='c'>MiAaPQ</subfield><subfield code='d'>MiAaPQ</subfield></datafield><datafield ind1=' ' ind2=' ' tag='041'><subfield code='a'>eng</subfield></datafield><datafield ind1=' ' ind2='4' tag='050'><subfield code='a'>QH359-425</subfield></datafield><datafield ind1=' ' ind2='7' tag='072'><subfield code='a'>PSAJ</subfield><subfield code='2'>bicssc</subfield></datafield><datafield ind1=' ' ind2='7' tag='072'><subfield code='a'>SCI027000</subfield><subfield code='2'>bisacsh</subfield></datafield><datafield ind1='0' ind2='0' tag='082'><subfield code='a'>576.80285</subfield></datafield><datafield ind1='1' ind2=' ' tag='100'><subfield code='a'>Forsdyke, Donald R.</subfield><subfield code='e'>author.</subfield></datafield><datafield ind1='1' ind2='0' tag='245'><subfield code='a'>Evolutionary Bioinformatics</subfield><subfield code='h'>[electronic resource] /</subfield><subfield code='c'>by Donald R. Forsdyke.</subfield></datafield><datafield ind1=' ' ind2=' ' tag='250'><subfield code='a'>3rd ed.</subfield></datafield><datafield ind1=' ' ind2='1' tag='264'><subfield code='a'>Cham :</subfield><subfield code='b'>Springer International Publishing :</subfield><subfield code='b'>Imprint: Springer,</subfield><subfield code='c'>2016.</subfield></datafield><datafield ind1=' ' ind2=' ' tag='300'><subfield code='a'>1 online resource (494 p.)</subfield></datafield><datafield ind1=' ' ind2=' ' tag='336'><subfield code='a'>text</subfield><subfield code='b'>txt</subfield></datafield><datafield ind1=' ' ind2=' ' tag='337'><subfield code='a'>computer</subfield><subfield code='b'>c</subfield></datafield><datafield ind1=' ' ind2=' ' tag='338'><subfield code='a'>online resource</subfield><subfield code='b'>cr</subfield></datafield><datafield ind1=' ' ind2=' ' tag='347'><subfield code='a'>text file</subfield><subfield code='b'>PDF</subfield><subfield code='2'>rda</subfield></datafield><datafield ind1=' ' ind2=' ' tag='500'><subfield code='a'>Description based upon print version of record.</subfield></datafield><datafield ind1=' ' ind2=' ' tag='546'><subfield code='a'>English</subfield></datafield><datafield ind1=' ' ind2=' ' tag='504'><subfield code='a'>Includes bibliographical references at the end of each chapters and index.</subfield></datafield><datafield ind1=' ' ind2=' ' tag='588'><subfield code='a'>Description based on print version record.</subfield></datafield><datafield ind1='0' ind2=' ' tag='505'><subfield code='a'>Part 1. Information and DNA -- 1. Memory – A Phenomenon of Arrangement -- 2. Chargaff’s First Parity Rule -- 3. Information Levels and Barriers -- Part 2. Parity and Non-Parity -- 4. Chargaff’s Second Parity Rule -- 5. Stems and Loops -- 6. Chargaff’s Cluster Rule -- Part 3. Variation and Speciation -- 7. Mutation -- 8. Species Survival and Arrival -- 9. The Weak Point -- 10. Chargaff’s GC Rule -- 11. Homostability -- Part 4. Conflict within Genomes -- 12. Conflict Resolution -- 13. Exons and Introns -- 14. Complexity -- Part 5. Conflict between Genomes -- 15. Self/Not-Self? -- 16. The Crowded Cytosol -- Part 6. Sex and Error-Correction -- 17. Rebooting the Genome -- 18. The Fifth Letter -- Part 7. Information and Mind -- 19. Memory – What is Arranged and Where? -- 20.Certainty Now Uncertain.</subfield></datafield><datafield ind1=' ' ind2=' ' tag='520'><subfield code='a'>Now in its third edition and supplemented with more online material, this book aims to make the &quot;new&quot; information-based (rather than gene-based) bioinformatics intelligible both to the &quot;bio&quot; people and the &quot;info&quot; people. Books on bioinformatics have traditionally served gene-hunters, and biologists who wish to construct family trees showing tidy lines of descent. While dealing extensively with the exciting topics of gene discovery and database-searching, such books have hardly considered genomes as information channels through which multiple forms and levels of information have passed through the generations. This “new bioinformatics” contrasts with the &quot;old&quot; gene-based bioinformatics that so preoccupies previous texts. Forms of information that we are familiar with (mental, textual) are related to forms with which we are less familiar (hereditary). The book extends a line of evolutionary thought that leads from the nineteenth century (Darwin, Butler, Romanes, Bateson), through the twentieth (Goldschmidt, White), and into the twenty first (the final works of the late Stephen Jay Gould). Long an area of controversy, diverging views may now be reconciled.</subfield></datafield><datafield ind1=' ' ind2='0' tag='650'><subfield code='a'>Bioinformatics.</subfield></datafield><datafield ind1=' ' ind2='0' tag='650'><subfield code='a'>Computational biology.</subfield></datafield><datafield ind1=' ' ind2='0' tag='650'><subfield code='a'>Evolutionary genetics.</subfield></datafield><datafield ind1=' ' ind2='4' tag='655'><subfield code='a'>Electronic books.</subfield></datafield><datafield ind1=' ' ind2=' ' tag='776'><subfield code='z'>3-319-28753-2</subfield></datafield><datafield ind1=' ' ind2=' ' tag='906'><subfield code='a'>BOOK</subfield></datafield><datafield ind1=' ' ind2=' ' tag='ADM'><subfield code='b'>2018-02-23 07:52:30</subfield><subfield code='e'>993710000000653661</subfield><subfield code='d'>NON_SFX</subfield><subfield code='f'>20160428203713.0</subfield><subfield code='a'>2016-05-07 15:36:22</subfield><subfield code='c'>false</subfield></datafield><datafield ind1=' ' ind2=' ' tag='PRT'><subfield code='a'>53366833650003811</subfield><subfield code='b'>https://sandbox01-na.alma.exlibrisgroup.com/view/uresolver/01TULI_INST/openurl?u.ignore_date_coverage=true&amp;rft.mms_id=991036801677503811</subfield><subfield code='e'>Springer Link</subfield><subfield code='9'>Available</subfield><subfield code='c'>SpringerLink Books Complete</subfield><subfield code='h'>611000000000001381</subfield><subfield code='8'>53366833650003811</subfield></datafield></record>