
<record xmlns='http://www.loc.gov/MARC21/slim'><leader>00941nam  2200265 a 4500</leader><controlfield tag='001'>991036741866903811</controlfield><controlfield tag='005'>20170815123251.0</controlfield><controlfield tag='006'>m     o  d |      </controlfield><controlfield tag='007'>cr -n---------</controlfield><controlfield tag='008'>091007s2005    ii a    o     001 0 eng d</controlfield><datafield ind1=' ' ind2=' ' tag='020'><subfield code='a'>1-282-07422-9</subfield></datafield><datafield ind1=' ' ind2=' ' tag='020'><subfield code='a'>9786612074226</subfield></datafield><datafield ind1=' ' ind2=' ' tag='020'><subfield code='a'>81-224-2646-8</subfield></datafield><datafield ind1=' ' ind2=' ' tag='035'><subfield code='a'>(CKB)1000000000719021</subfield></datafield><datafield ind1=' ' ind2=' ' tag='035'><subfield code='a'>(EBL)424095</subfield></datafield><datafield ind1=' ' ind2=' ' tag='035'><subfield code='a'>(OCoLC)476264116</subfield></datafield><datafield ind1=' ' ind2=' ' tag='035'><subfield code='a'>(SSID)ssj0000672338</subfield></datafield><datafield ind1=' ' ind2=' ' tag='035'><subfield code='a'>(PQKBManifestationID)11384665</subfield></datafield><datafield ind1=' ' ind2=' ' tag='035'><subfield code='a'>(PQKBTitleCode)TC0000672338</subfield></datafield><datafield ind1=' ' ind2=' ' tag='035'><subfield code='a'>(PQKBWorkID)10635420</subfield></datafield><datafield ind1=' ' ind2=' ' tag='035'><subfield code='a'>(PQKB)10908853</subfield></datafield><datafield ind1=' ' ind2=' ' tag='035'><subfield code='a'>(MiAaPQ)EBC424095</subfield></datafield><datafield ind1=' ' ind2=' ' tag='035'><subfield code='a'>(EXLCZ)991000000000719021</subfield></datafield><datafield ind1=' ' ind2=' ' tag='040'><subfield code='a'>MiAaPQ</subfield><subfield code='c'>MiAaPQ</subfield><subfield code='d'>MiAaPQ</subfield></datafield><datafield ind1=' ' ind2=' ' tag='041'><subfield code='a'>eng</subfield></datafield><datafield ind1=' ' ind2='4' tag='050'><subfield code='a'>QH506</subfield><subfield code='b'>.N37 2005</subfield></datafield><datafield ind1='0' ind2='0' tag='082'><subfield code='a'>572.80285</subfield></datafield><datafield ind1='1' ind2=' ' tag='100'><subfield code='a'>Narayanan, P.</subfield></datafield><datafield ind1='1' ind2='0' tag='245'><subfield code='a'>Bioinformatics</subfield><subfield code='h'>[electronic resource] :</subfield><subfield code='b'>a primer /</subfield><subfield code='c'>P. Narayanan.</subfield></datafield><datafield ind1=' ' ind2=' ' tag='260'><subfield code='a'>New Delhi, India :</subfield><subfield code='b'>New Age International (P) Ltd., Publishers,</subfield><subfield code='c'>c2005.</subfield></datafield><datafield ind1=' ' ind2=' ' tag='300'><subfield code='a'>1 online resource (261 p.)</subfield></datafield><datafield ind1=' ' ind2=' ' tag='336'><subfield code='a'>text</subfield><subfield code='b'>txt</subfield></datafield><datafield ind1=' ' ind2=' ' tag='337'><subfield code='a'>computer</subfield><subfield code='b'>c</subfield></datafield><datafield ind1=' ' ind2=' ' tag='338'><subfield code='a'>online resource</subfield><subfield code='b'>cr</subfield></datafield><datafield ind1=' ' ind2=' ' tag='500'><subfield code='a'>Description based upon print version of record.</subfield></datafield><datafield ind1='0' ind2=' ' tag='505'><subfield code='a'>Cover; Preface; Acknowledgement; Contents; Chapter 1 Bioinformatics: Introduction; Chapter 2 Atoms and Molecules; Chapter 3 Features of Nucleic Acids; Chapter 4 Features of Proteins; Chapter 5 Physicochemical Characterization of Biomolecules; Chapter 6 Primary Structure (Sequence) Determination of Biomolecules; Chapter 7 Spatial Structure Determination of Biomolecules; Chapter 8 Protein-Ligand Interactions; Chapter 9 The Protein-folding Problem; Chapter 10. Computational Methods in Structure Prediction; Chapter 11 Database Search; Chapter 12 Data Mining, Analysis and Modeling</subfield></datafield><datafield ind1='8' ind2=' ' tag='505'><subfield code='a'>Chapter 13 Medico- and PharmacoinformaticsChapter 14 Molecular Engineering; Glossary; Index</subfield></datafield><datafield ind1=' ' ind2=' ' tag='520'><subfield code='a'>About the Book:  Bioinformatics is the bridge between experimental data in diverse biologically related disciplines and extrapolation of information, by computational analysis, about how the systems and processes function. The central aims are: (i) elucidation (by experimental methods) of structural features of the biological entities (proteins, nucleic acids, etc.), (ii) application of computational tools and approaches to study of information content, organization, and processing in biological systems, (iii) application of medical and health data at the molecular level (biomedinformatics), a</subfield></datafield><datafield ind1=' ' ind2=' ' tag='546'><subfield code='a'>English</subfield></datafield><datafield ind1=' ' ind2='0' tag='650'><subfield code='a'>Molecular biology</subfield><subfield code='x'>Data processing.</subfield></datafield><datafield ind1=' ' ind2='0' tag='650'><subfield code='a'>Bioinformatics.</subfield></datafield><datafield ind1=' ' ind2='0' tag='650'><subfield code='a'>Computational biology</subfield><subfield code='x'>Methodology.</subfield></datafield><datafield ind1=' ' ind2='4' tag='655'><subfield code='a'>Electronic books.</subfield></datafield><datafield ind1=' ' ind2=' ' tag='776'><subfield code='z'>81-224-1610-1</subfield></datafield><datafield ind1=' ' ind2=' ' tag='906'><subfield code='a'>BOOK</subfield></datafield><datafield ind1=' ' ind2=' ' tag='PRT'><subfield code='a'>53420704930003811</subfield><subfield code='b'>https://sandbox01-na.alma.exlibrisgroup.com/view/uresolver/01TULI_INST/openurl?u.ignore_date_coverage=true&amp;rft.mms_id=991036741866903811</subfield><subfield code='e'>Ebook Central</subfield><subfield code='c'>Ebook Central Academic Complete</subfield><subfield code='h'>614200000000000002</subfield><subfield code='8'>53420704930003811</subfield></datafield></record>