
<record xmlns='http://www.loc.gov/MARC21/slim'><leader>01450cam a2200421 a 4500</leader><controlfield tag='005'>20170825191823.0</controlfield><controlfield tag='008'>030227s2003    nyua     b    001 0 eng  </controlfield><controlfield tag='001'>991035706929703811</controlfield><datafield ind1=' ' ind2=' ' tag='010'><subfield code='a'>2003043959</subfield></datafield><datafield ind1=' ' ind2=' ' tag='020'><subfield code='a'>0521819822 (hbk.)</subfield></datafield><datafield ind1=' ' ind2=' ' tag='020'><subfield code='a'>052152587X (pbk.)</subfield></datafield><datafield ind1=' ' ind2=' ' tag='035'><subfield code='a'>(PPT)b26761063-01tuli_inst</subfield></datafield><datafield ind1=' ' ind2=' ' tag='035'><subfield code='a'>(CStRLIN)ocn489515931</subfield><subfield code='9'>ExL</subfield></datafield><datafield ind1=' ' ind2=' ' tag='035'><subfield code='a'>PPTb26761063</subfield></datafield><datafield ind1=' ' ind2=' ' tag='035'><subfield code='a'>ocn223972781</subfield></datafield><datafield ind1=' ' ind2=' ' tag='035'><subfield code='a'>(OCLC)ocn223972781</subfield></datafield><datafield ind1=' ' ind2=' ' tag='040'><subfield code='a'>DLC</subfield><subfield code='c'>DLC</subfield><subfield code='d'>DLC</subfield><subfield code='d'>PPT</subfield></datafield><datafield ind1=' ' ind2=' ' tag='042'><subfield code='a'>pcc</subfield></datafield><datafield ind1=' ' ind2=' ' tag='079'><subfield code='a'>ocn223972781</subfield></datafield><datafield ind1=' ' ind2=' ' tag='090'><subfield code='a'>QP624.5.D726</subfield><subfield code='b'>S74 2003</subfield></datafield><datafield ind1='1' ind2=' ' tag='100'><subfield code='a'>Stekel, Dov,</subfield><subfield code='d'>1971-</subfield></datafield><datafield ind1='1' ind2='0' tag='245'><subfield code='a'>Microarray bioinformatics /</subfield><subfield code='c'>Dov Stekel.</subfield></datafield><datafield ind1=' ' ind2=' ' tag='260'><subfield code='a'>New York :</subfield><subfield code='b'>Cambridge University Press,</subfield><subfield code='c'>2003.</subfield></datafield><datafield ind1=' ' ind2=' ' tag='300'><subfield code='a'>xiv, 263 p. :</subfield><subfield code='b'>ill. (some col.) ;</subfield><subfield code='c'>26 cm.</subfield></datafield><datafield ind1=' ' ind2=' ' tag='504'><subfield code='a'>Includes bibliographical references and index.</subfield></datafield><datafield ind1=' ' ind2='0' tag='650'><subfield code='a'>DNA microarrays</subfield><subfield code='x'>Mathematics.</subfield></datafield><datafield ind1=' ' ind2='0' tag='650'><subfield code='a'>DNA microarrays</subfield><subfield code='x'>Data processing.</subfield></datafield><datafield ind1=' ' ind2='0' tag='650'><subfield code='a'>DNA microarrays</subfield><subfield code='x'>Statistical methods.</subfield></datafield><datafield ind1=' ' ind2='0' tag='650'><subfield code='a'>Bioinformatics.</subfield></datafield><datafield ind1='4' ind2='2' tag='856'><subfield code='z'>Access description provided by publisher.</subfield><subfield code='u'>http://www.loc.gov/catdir/description/cam032/2003043959.html</subfield></datafield><datafield ind1='4' ind2='1' tag='856'><subfield code='z'>Access Table of contents.</subfield><subfield code='u'>http://www.loc.gov/catdir/toc/cam031/2003043959.html</subfield></datafield><datafield ind1=' ' ind2=' ' tag='902'><subfield code='a'>110512</subfield></datafield><datafield ind1=' ' ind2=' ' tag='907'><subfield code='a'>.b26761063</subfield><subfield code='b'>p    </subfield><subfield code='c'>-</subfield></datafield><datafield ind1=' ' ind2=' ' tag='945'><subfield code='l'>pstk </subfield><subfield code='g'>1</subfield></datafield><datafield ind1=' ' ind2=' ' tag='952'><subfield code='a'>DCLC2003043959B</subfield><subfield code='b'>Library of Congress</subfield></datafield><datafield ind1=' ' ind2=' ' tag='979'><subfield code='a'>ocn223972781</subfield></datafield><datafield ind1=' ' ind2=' ' tag='998'><subfield code='b'>1</subfield><subfield code='c'>040129</subfield><subfield code='d'>m</subfield><subfield code='e'>a</subfield><subfield code='f'>-</subfield><subfield code='g'>0</subfield></datafield><datafield ind1=' ' ind2=' ' tag='998'><subfield code='a'>01/29/04</subfield><subfield code='s'>CIP</subfield><subfield code='c'>AT</subfield></datafield><datafield ind1=' ' ind2=' ' tag='ADM'><subfield code='b'>2017-08-25 23:18:23</subfield><subfield code='e'>b26761063-01tuli_inst</subfield><subfield code='d'>ILS</subfield><subfield code='a'>2017-06-20 07:38:12</subfield><subfield code='c'>false</subfield></datafield><datafield ind1='0' ind2=' ' tag='HLD'><subfield code='b'>MAIN</subfield><subfield code='c'>stacks</subfield><subfield code='h'>QP624.5.D726</subfield><subfield code='i'>S74 2003</subfield><subfield code='8'>22269848480003811</subfield></datafield><datafield ind1=' ' ind2=' ' tag='ITM'><subfield code='r'>22269848480003811</subfield><subfield code='b'>1</subfield><subfield code='h'>0</subfield><subfield code='g'>stacks</subfield><subfield code='t'>BOOK</subfield><subfield code='9'>39074016351983</subfield><subfield code='e'>stacks</subfield><subfield code='8'>23269848470003811</subfield><subfield code='a'>0</subfield><subfield code='q'>2017-06-20 07:38:12</subfield><subfield code='i'>QP624.5.D726 S74 2003</subfield><subfield code='d'>MAIN</subfield><subfield code='f'>MAIN</subfield></datafield></record>