
<record xmlns='http://www.loc.gov/MARC21/slim'><leader>01319cam a2200385 a 4500</leader><controlfield tag='005'>20170825211536.0</controlfield><controlfield tag='008'>010223s2002    gw a     b    001 0 eng d</controlfield><controlfield tag='001'>991034096049703811</controlfield><datafield ind1=' ' ind2=' ' tag='020'><subfield code='a'>3527299882</subfield></datafield><datafield ind1=' ' ind2=' ' tag='035'><subfield code='a'>(PPT)b26271126-01tuli_inst</subfield></datafield><datafield ind1=' ' ind2=' ' tag='035'><subfield code='a'>(CStRLIN)ocn489460900</subfield><subfield code='9'>ExL</subfield></datafield><datafield ind1=' ' ind2=' ' tag='035'><subfield code='a'>PPTb26271126</subfield></datafield><datafield ind1=' ' ind2=' ' tag='035'><subfield code='a'>ocm50684536</subfield></datafield><datafield ind1=' ' ind2=' ' tag='035'><subfield code='a'>(OCLC)ocm50684536</subfield></datafield><datafield ind1=' ' ind2=' ' tag='040'><subfield code='a'>HLS</subfield><subfield code='c'>HLS</subfield><subfield code='d'>PPT</subfield></datafield><datafield ind1=' ' ind2=' ' tag='079'><subfield code='a'>ocm50684536</subfield></datafield><datafield ind1=' ' ind2=' ' tag='090'><subfield code='a'>QH506</subfield><subfield code='b'>.B565x 2002</subfield></datafield><datafield ind1='0' ind2='0' tag='245'><subfield code='a'>Bioinformatics :</subfield><subfield code='b'>from genomes to drugs /</subfield><subfield code='c'>edited by Thomas Lengauer.</subfield></datafield><datafield ind1=' ' ind2=' ' tag='260'><subfield code='a'>Weinheim ;</subfield><subfield code='a'>Cambridge :</subfield><subfield code='b'>Wiley-VCH,</subfield><subfield code='c'>c2002.</subfield></datafield><datafield ind1=' ' ind2=' ' tag='300'><subfield code='a'>2 v. :</subfield><subfield code='b'>ill. ;</subfield><subfield code='c'>25 cm.</subfield></datafield><datafield ind1=' ' ind2='0' tag='440'><subfield code='a'>Methods and principles in medicinal chemistry ;</subfield><subfield code='v'>v. 14.</subfield></datafield><datafield ind1=' ' ind2=' ' tag='504'><subfield code='a'>Includes bibliographical references and indexes.</subfield></datafield><datafield ind1='0' ind2=' ' tag='505'><subfield code='a'>v. 1. Basic technologies -- v. 2. Applications.</subfield></datafield><datafield ind1=' ' ind2='0' tag='650'><subfield code='a'>Bioinformatics.</subfield></datafield><datafield ind1=' ' ind2='0' tag='650'><subfield code='a'>Drugs</subfield><subfield code='x'>Research</subfield><subfield code='x'>Data processing.</subfield></datafield><datafield ind1=' ' ind2='0' tag='650'><subfield code='a'>Molecular biology</subfield><subfield code='x'>Data processing.</subfield></datafield><datafield ind1='1' ind2=' ' tag='700'><subfield code='a'>Lengauer, T.</subfield><subfield code='q'>(Thomas)</subfield></datafield><datafield ind1='4' ind2='1' tag='856'><subfield code='z'>Access Table of contents.</subfield><subfield code='u'>http://www.loc.gov/catdir/toc/wiley031/2002524729.html</subfield></datafield><datafield ind1=' ' ind2=' ' tag='902'><subfield code='a'>120425</subfield></datafield><datafield ind1=' ' ind2=' ' tag='907'><subfield code='a'>.b26271126</subfield><subfield code='b'>multi</subfield><subfield code='c'>-</subfield></datafield><datafield ind1=' ' ind2=' ' tag='945'><subfield code='l'>pstk </subfield><subfield code='u'>v.v.1</subfield><subfield code='g'>1</subfield></datafield><datafield ind1=' ' ind2=' ' tag='945'><subfield code='l'>pstk </subfield><subfield code='u'>v.v.2</subfield><subfield code='g'>1</subfield></datafield><datafield ind1=' ' ind2=' ' tag='979'><subfield code='a'>ocm50684536</subfield></datafield><datafield ind1=' ' ind2=' ' tag='998'><subfield code='b'>1</subfield><subfield code='c'>030313</subfield><subfield code='d'>m</subfield><subfield code='e'>a</subfield><subfield code='f'>-</subfield><subfield code='g'>0</subfield></datafield><datafield ind1=' ' ind2=' ' tag='998'><subfield code='a'>03/13/03</subfield><subfield code='s'>RLIN</subfield><subfield code='c'>CDC</subfield></datafield><datafield ind1=' ' ind2=' ' tag='ADM'><subfield code='b'>2017-08-26 01:15:36</subfield><subfield code='e'>b26271126-01tuli_inst</subfield><subfield code='d'>ILS</subfield><subfield code='a'>2017-06-20 10:23:07</subfield><subfield code='c'>false</subfield></datafield><datafield ind1='0' ind2=' ' tag='HLD'><subfield code='b'>MAIN</subfield><subfield code='c'>stacks</subfield><subfield code='h'>QH506</subfield><subfield code='i'>.B565x 2002</subfield><subfield code='8'>22302460410003811</subfield></datafield><datafield ind1=' ' ind2=' ' tag='ITM'><subfield code='r'>22302460410003811</subfield><subfield code='b'>1</subfield><subfield code='h'>0</subfield><subfield code='g'>stacks</subfield><subfield code='t'>BOOK</subfield><subfield code='9'>39074015497290</subfield><subfield code='e'>stacks</subfield><subfield code='8'>23302460390003811</subfield><subfield code='c'>v.2</subfield><subfield code='a'>0</subfield><subfield code='q'>2017-06-20 10:23:07</subfield><subfield code='i'>QH506 .B565x 2002</subfield><subfield code='d'>MAIN</subfield><subfield code='f'>MAIN</subfield></datafield><datafield ind1=' ' ind2=' ' tag='ITM'><subfield code='r'>22302460410003811</subfield><subfield code='b'>1</subfield><subfield code='h'>0</subfield><subfield code='g'>stacks</subfield><subfield code='t'>BOOK</subfield><subfield code='9'>39074015497241</subfield><subfield code='e'>stacks</subfield><subfield code='8'>23302460400003811</subfield><subfield code='c'>v.1</subfield><subfield code='a'>0</subfield><subfield code='q'>2017-06-20 10:23:07</subfield><subfield code='i'>QH506 .B565x 2002</subfield><subfield code='d'>MAIN</subfield><subfield code='f'>MAIN</subfield></datafield></record>