
<record xmlns='http://www.loc.gov/MARC21/slim'><leader>01160cam a22003738a 4500</leader><controlfield tag='005'>20081119114214.0</controlfield><controlfield tag='008'>080912s2009    nju      b    001 0 eng  </controlfield><controlfield tag='001'>991032563369703811</controlfield><datafield ind1=' ' ind2=' ' tag='010'><subfield code='a'>2008040419</subfield></datafield><datafield ind1=' ' ind2=' ' tag='020'><subfield code='a'>9780470181058 (cloth)</subfield></datafield><datafield ind1=' ' ind2=' ' tag='020'><subfield code='a'>0470181052 (cloth)</subfield></datafield><datafield ind1=' ' ind2=' ' tag='035'><subfield code='a'>(PPT)b37198105-01tuli_inst</subfield></datafield><datafield ind1=' ' ind2=' ' tag='035'><subfield code='a'>(OCoLC)253189841</subfield><subfield code='z'>(OCoLC)230183530</subfield></datafield><datafield ind1=' ' ind2=' ' tag='040'><subfield code='a'>DNLM/DLC</subfield><subfield code='c'>DLC</subfield><subfield code='d'>BTCTA</subfield><subfield code='d'>BAKER</subfield><subfield code='d'>NLM</subfield></datafield><datafield ind1=' ' ind2=' ' tag='049'><subfield code='a'>TMYM</subfield></datafield><datafield ind1='0' ind2='0' tag='050'><subfield code='a'>QH324.2</subfield><subfield code='b'>.S76 2009</subfield></datafield><datafield ind1=' ' ind2=' ' tag='096'><subfield code='a'>QH 506</subfield><subfield code='b'>S9266 2009</subfield></datafield><datafield ind1='0' ind2='0' tag='245'><subfield code='a'>Structural bioinformatics /</subfield><subfield code='c'>edited by Jenny Gu, Philip Bourne.</subfield></datafield><datafield ind1=' ' ind2=' ' tag='250'><subfield code='a'>2nd ed.</subfield></datafield><datafield ind1=' ' ind2=' ' tag='260'><subfield code='a'>Hoboken, N.J. :</subfield><subfield code='b'>John Wiley &amp; Sons,</subfield><subfield code='c'>c2009.</subfield></datafield><datafield ind1=' ' ind2=' ' tag='300'><subfield code='a'>xxvi, 1035 p. ;</subfield><subfield code='c'>26 cm.</subfield></datafield><datafield ind1='1' ind2=' ' tag='490'><subfield code='a'>[Methods of biochemical analysis;</subfield><subfield code='v'>v. 45]</subfield></datafield><datafield ind1=' ' ind2=' ' tag='504'><subfield code='a'>Includes bibliographical references and index.</subfield></datafield><datafield ind1=' ' ind2='0' tag='650'><subfield code='a'>Structural bioinformatics.</subfield></datafield><datafield ind1='1' ind2='2' tag='650'><subfield code='a'>Computational Biology.</subfield></datafield><datafield ind1='2' ind2='2' tag='650'><subfield code='a'>Molecular Biology.</subfield></datafield><datafield ind1='1' ind2=' ' tag='700'><subfield code='a'>Gu, Jenny.</subfield></datafield><datafield ind1='1' ind2=' ' tag='700'><subfield code='a'>Bourne, Philip E.</subfield></datafield><datafield ind1=' ' ind2='0' tag='830'><subfield code='a'>Methods of biochemical analysis;</subfield><subfield code='v'>v. 45.</subfield></datafield><datafield ind1=' ' ind2=' ' tag='907'><subfield code='a'>.b37198105</subfield><subfield code='b'>hk   </subfield><subfield code='c'>-</subfield></datafield><datafield ind1=' ' ind2=' ' tag='902'><subfield code='a'>150708</subfield></datafield><datafield ind1=' ' ind2=' ' tag='998'><subfield code='b'>1</subfield><subfield code='c'>090317</subfield><subfield code='d'>m</subfield><subfield code='e'>a</subfield><subfield code='f'>-</subfield><subfield code='g'>0</subfield></datafield><datafield ind1=' ' ind2=' ' tag='998'><subfield code='b'>1</subfield><subfield code='c'>090317</subfield><subfield code='d'>m</subfield><subfield code='e'>a</subfield><subfield code='f'>-</subfield><subfield code='g'>0</subfield></datafield><datafield ind1=' ' ind2=' ' tag='945'><subfield code='l'>hkbst</subfield><subfield code='g'>1</subfield></datafield><datafield ind1=' ' ind2=' ' tag='ADM'><subfield code='e'>b37198105-01tuli_inst</subfield><subfield code='d'>ILS</subfield><subfield code='a'>2017-06-20 14:26:18</subfield><subfield code='c'>false</subfield></datafield><datafield ind1='2' ind2=' ' tag='HLD'><subfield code='b'>GINSBURG</subfield><subfield code='c'>stacks</subfield><subfield code='h'>QH 506</subfield><subfield code='i'>S9266 2009</subfield><subfield code='8'>22331592040003811</subfield></datafield><datafield ind1=' ' ind2=' ' tag='ITM'><subfield code='r'>22331592040003811</subfield><subfield code='b'>1</subfield><subfield code='h'>2</subfield><subfield code='g'>stacks</subfield><subfield code='t'>BOOK</subfield><subfield code='9'>39074500376538</subfield><subfield code='e'>stacks</subfield><subfield code='8'>23331592030003811</subfield><subfield code='a'>0</subfield><subfield code='q'>2017-06-20 14:26:18</subfield><subfield code='i'>QH 506 S9266 2009</subfield><subfield code='d'>GINSBURG</subfield><subfield code='f'>GINSBURG</subfield></datafield></record>