
<record xmlns='http://www.loc.gov/MARC21/slim'><leader>01565cam a2200445 a 4500</leader><controlfield tag='005'>20170825171758.0</controlfield><controlfield tag='008'>050603s2005    fluaf    b    001 0 eng  </controlfield><controlfield tag='001'>991014196799703811</controlfield><datafield ind1=' ' ind2=' ' tag='010'><subfield code='a'>2005049421</subfield></datafield><datafield ind1=' ' ind2=' ' tag='020'><subfield code='a'>9780849312830 (hardcover : alk. paper)</subfield></datafield><datafield ind1=' ' ind2=' ' tag='020'><subfield code='a'>0849312833 (hardcover : alk. paper)</subfield></datafield><datafield ind1=' ' ind2=' ' tag='035'><subfield code='a'>(PPT)b30556193-01tuli_inst</subfield></datafield><datafield ind1=' ' ind2=' ' tag='035'><subfield code='a'>(CStRLIN)ocn491787376</subfield><subfield code='9'>ExL</subfield></datafield><datafield ind1=' ' ind2=' ' tag='035'><subfield code='a'>PPTb30556193</subfield></datafield><datafield ind1=' ' ind2=' ' tag='035'><subfield code='a'>ocm60705710</subfield></datafield><datafield ind1=' ' ind2=' ' tag='035'><subfield code='a'>(OCLC)ocm60705710</subfield></datafield><datafield ind1=' ' ind2=' ' tag='040'><subfield code='a'>DNLM/DLC</subfield><subfield code='c'>DLC</subfield><subfield code='d'>DLC</subfield></datafield><datafield ind1=' ' ind2=' ' tag='042'><subfield code='a'>pcc</subfield></datafield><datafield ind1=' ' ind2=' ' tag='079'><subfield code='a'>ocm60705710</subfield></datafield><datafield ind1=' ' ind2=' ' tag='090'><subfield code='a'>QH324.2</subfield><subfield code='b'>.B56 2005</subfield></datafield><datafield ind1='0' ind2='0' tag='245'><subfield code='a'>Bioinformatics basics :</subfield><subfield code='b'>applications in biological science and medicine /</subfield><subfield code='c'>edited by Lukas K. Buehler, Hooman H. Rashidi.</subfield></datafield><datafield ind1=' ' ind2=' ' tag='250'><subfield code='a'>2nd ed.</subfield></datafield><datafield ind1=' ' ind2=' ' tag='260'><subfield code='a'>Boca Raton, FL :</subfield><subfield code='b'>Taylor &amp; Francis,</subfield><subfield code='c'>2005.</subfield></datafield><datafield ind1=' ' ind2=' ' tag='300'><subfield code='a'>335 p., [12] p. of plates :</subfield><subfield code='b'>ill. (some col.) ;</subfield><subfield code='c'>25 cm.</subfield></datafield><datafield ind1=' ' ind2=' ' tag='500'><subfield code='a'>&quot;A CRC title.&quot;</subfield></datafield><datafield ind1=' ' ind2=' ' tag='504'><subfield code='a'>Includes bibliographical references and index.</subfield></datafield><datafield ind1=' ' ind2='0' tag='650'><subfield code='a'>Bioinformatics.</subfield></datafield><datafield ind1=' ' ind2='0' tag='650'><subfield code='a'>Computational biology.</subfield></datafield><datafield ind1=' ' ind2='0' tag='650'><subfield code='a'>Gene mapping.</subfield></datafield><datafield ind1=' ' ind2='0' tag='650'><subfield code='a'>Nucleotide sequence.</subfield></datafield><datafield ind1='1' ind2=' ' tag='700'><subfield code='a'>Buehler, Lukas K.</subfield></datafield><datafield ind1='1' ind2=' ' tag='700'><subfield code='a'>Rashidi, Hooman H.</subfield></datafield><datafield ind1='4' ind2='1' tag='856'><subfield code='z'>Access Table of contents.</subfield><subfield code='u'>http://www.loc.gov/catdir/toc/fy055/2005049421.html</subfield></datafield><datafield ind1='4' ind2='2' tag='856'><subfield code='z'>Access description provided by publisher.</subfield><subfield code='u'>http://www.loc.gov/catdir/enhancements/fy0646/2005049421-d.html</subfield></datafield><datafield ind1=' ' ind2=' ' tag='902'><subfield code='a'>150908</subfield></datafield><datafield ind1=' ' ind2=' ' tag='907'><subfield code='a'>.b30556193</subfield><subfield code='b'>p    </subfield><subfield code='c'>-</subfield></datafield><datafield ind1=' ' ind2=' ' tag='945'><subfield code='l'>pstk </subfield><subfield code='g'>1</subfield></datafield><datafield ind1=' ' ind2=' ' tag='979'><subfield code='a'>ocm60705710</subfield></datafield><datafield ind1=' ' ind2=' ' tag='998'><subfield code='b'>0</subfield><subfield code='c'>070711</subfield><subfield code='d'>m</subfield><subfield code='e'>a</subfield><subfield code='f'>-</subfield><subfield code='g'>0</subfield></datafield><datafield ind1=' ' ind2=' ' tag='998'><subfield code='a'>07/11/07</subfield><subfield code='s'>LC</subfield><subfield code='c'>AT</subfield></datafield><datafield ind1=' ' ind2=' ' tag='ADM'><subfield code='b'>2017-08-25 21:17:58</subfield><subfield code='e'>b30556193-01tuli_inst</subfield><subfield code='d'>ILS</subfield><subfield code='a'>2017-06-20 10:14:46</subfield><subfield code='c'>false</subfield></datafield><datafield ind1='0' ind2=' ' tag='HLD'><subfield code='b'>MAIN</subfield><subfield code='c'>stacks</subfield><subfield code='h'>QH324.2</subfield><subfield code='i'>.B56 2005</subfield><subfield code='8'>22301162750003811</subfield></datafield><datafield ind1=' ' ind2=' ' tag='ITM'><subfield code='r'>22301162750003811</subfield><subfield code='b'>1</subfield><subfield code='h'>0</subfield><subfield code='g'>stacks</subfield><subfield code='t'>BOOK</subfield><subfield code='9'>39074022726012</subfield><subfield code='e'>stacks</subfield><subfield code='8'>23301162740003811</subfield><subfield code='a'>0</subfield><subfield code='q'>2017-06-20 10:14:46</subfield><subfield code='i'>QH324.2 .B56 2005</subfield><subfield code='d'>MAIN</subfield><subfield code='f'>MAIN</subfield></datafield></record>