
<record xmlns='http://www.loc.gov/MARC21/slim'><leader>01825cam a22004214a 4500</leader><controlfield tag='005'>20170825180847.0</controlfield><controlfield tag='008'>040426s2004    nyua     b    001 0 eng  </controlfield><controlfield tag='001'>991003208469703811</controlfield><datafield ind1=' ' ind2=' ' tag='010'><subfield code='a'>2004009760</subfield></datafield><datafield ind1=' ' ind2=' ' tag='020'><subfield code='a'>0879697121 (pbk. : alk. paper)</subfield></datafield><datafield ind1=' ' ind2=' ' tag='020'><subfield code='a'>0879696877 (hardcover : alk. paper)</subfield></datafield><datafield ind1=' ' ind2=' ' tag='035'><subfield code='a'>(PPT)b27770370-01tuli_inst</subfield></datafield><datafield ind1=' ' ind2=' ' tag='035'><subfield code='a'>(CStRLIN)ocn490461519</subfield><subfield code='9'>ExL</subfield></datafield><datafield ind1=' ' ind2=' ' tag='035'><subfield code='a'>PPTb27770370</subfield></datafield><datafield ind1=' ' ind2=' ' tag='035'><subfield code='a'>ocm55106399</subfield></datafield><datafield ind1=' ' ind2=' ' tag='035'><subfield code='a'>(OCLC)ocm55106399</subfield></datafield><datafield ind1=' ' ind2=' ' tag='040'><subfield code='a'>DLC</subfield><subfield code='c'>DLC</subfield><subfield code='d'>DLC</subfield></datafield><datafield ind1=' ' ind2=' ' tag='042'><subfield code='a'>pcc</subfield></datafield><datafield ind1=' ' ind2=' ' tag='079'><subfield code='a'>ocm55106399</subfield></datafield><datafield ind1=' ' ind2=' ' tag='090'><subfield code='a'>QH441.2</subfield><subfield code='b'>.M68 2004</subfield></datafield><datafield ind1='1' ind2=' ' tag='100'><subfield code='a'>Mount, David W.</subfield></datafield><datafield ind1='1' ind2='0' tag='245'><subfield code='a'>Bioinformatics :</subfield><subfield code='b'>sequence and genome analysis /</subfield><subfield code='c'>David W. Mount.</subfield></datafield><datafield ind1=' ' ind2=' ' tag='250'><subfield code='a'>2nd ed.</subfield></datafield><datafield ind1=' ' ind2=' ' tag='260'><subfield code='a'>Cold Spring Harbor, N.Y. :</subfield><subfield code='b'>Cold Spring Harbor Laboratory Press,</subfield><subfield code='c'>c2004.</subfield></datafield><datafield ind1=' ' ind2=' ' tag='300'><subfield code='a'>xii, 692 p. :</subfield><subfield code='b'>ill. (some col.) ;</subfield><subfield code='c'>28 cm.</subfield></datafield><datafield ind1=' ' ind2=' ' tag='504'><subfield code='a'>Includes bibliographical references and index.</subfield></datafield><datafield ind1='0' ind2=' ' tag='505'><subfield code='a'>Historical introduction and overview -- Collecting and storing sequences in the laboratory -- Alignment of pairs of sequences -- Introduction to probability and statistical analysis of sequence alignments -- Multiple sequence alignment -- Sequence database searching for similar sequences -- Phylogenetic prediction -- Prediction of RNA secondary structure -- Gene prediction and regulation -- Protein classification and structure prediction -- Genome analysis -- Bioinformatics programming using Perl and Perl modules.</subfield></datafield><datafield ind1=' ' ind2='0' tag='650'><subfield code='a'>Genetics</subfield><subfield code='x'>Data processing.</subfield></datafield><datafield ind1=' ' ind2='0' tag='650'><subfield code='a'>Bioinformatics.</subfield></datafield><datafield ind1=' ' ind2='0' tag='650'><subfield code='a'>Nucleotide sequence.</subfield></datafield><datafield ind1=' ' ind2='0' tag='650'><subfield code='a'>Amino acid sequence.</subfield></datafield><datafield ind1=' ' ind2=' ' tag='902'><subfield code='a'>110512</subfield></datafield><datafield ind1=' ' ind2=' ' tag='907'><subfield code='a'>.b27770370</subfield><subfield code='b'>multi</subfield><subfield code='c'>-</subfield></datafield><datafield ind1=' ' ind2=' ' tag='945'><subfield code='l'>pstk </subfield><subfield code='g'>1</subfield></datafield><datafield ind1=' ' ind2=' ' tag='952'><subfield code='a'>DCLC2004009760B</subfield><subfield code='b'>Library of Congress</subfield></datafield><datafield ind1=' ' ind2=' ' tag='979'><subfield code='a'>ocm55106399</subfield></datafield><datafield ind1=' ' ind2=' ' tag='998'><subfield code='b'>0</subfield><subfield code='c'>050310</subfield><subfield code='d'>m</subfield><subfield code='e'>a</subfield><subfield code='f'>-</subfield><subfield code='g'>0</subfield></datafield><datafield ind1=' ' ind2=' ' tag='998'><subfield code='a'>03/10/05</subfield><subfield code='s'>LC</subfield><subfield code='c'>AT</subfield></datafield><datafield ind1='0' ind2=' ' tag='HLD'><subfield code='b'>MAIN</subfield><subfield code='c'>stacks</subfield><subfield code='h'>QH441.2</subfield><subfield code='i'>.M68 2004</subfield><subfield code='8'>22260627330003811</subfield></datafield><datafield ind1=' ' ind2=' ' tag='ITM'><subfield code='b'>1</subfield><subfield code='h'>0</subfield><subfield code='g'>stacks</subfield><subfield code='9'>39074016959868</subfield><subfield code='e'>stacks</subfield><subfield code='8'>23260627320003811</subfield><subfield code='a'>0</subfield><subfield code='q'>2017-06-20 07:05:25</subfield><subfield code='i'>QH441.2 .M68 2004</subfield><subfield code='d'>MAIN</subfield><subfield code='r'>2018-04-25 18:14:44</subfield><subfield code='f'>MAIN</subfield></datafield></record>