
<record xmlns='http://www.loc.gov/MARC21/slim'><leader>04356cam a2200673Ia 4500</leader><controlfield tag='005'>20150320070552.9</controlfield><controlfield tag='006'>m     o  d        </controlfield><controlfield tag='007'>cr cn|||||||||</controlfield><controlfield tag='008'>090522s2009    ne a    ob    001 0 eng d</controlfield><controlfield tag='001'>991020601559703811</controlfield><datafield ind1=' ' ind2=' ' tag='020'><subfield code='a'>9781402088803</subfield></datafield><datafield ind1=' ' ind2=' ' tag='020'><subfield code='a'>1402088809</subfield></datafield><datafield ind1=' ' ind2=' ' tag='020'><subfield code='a'>9781402088797 (hbk.)</subfield></datafield><datafield ind1=' ' ind2=' ' tag='020'><subfield code='a'>1402088795 (hbk.)</subfield></datafield><datafield ind1='8' ind2=' ' tag='024'><subfield code='a'>9786612068287</subfield></datafield><datafield ind1=' ' ind2=' ' tag='035'><subfield code='a'>(PPT)b49706615-01tuli_inst</subfield></datafield><datafield ind1=' ' ind2=' ' tag='035'><subfield code='a'>(OCoLC)341591130</subfield><subfield code='z'>(OCoLC)370598770</subfield><subfield code='z'>(OCoLC)434090544</subfield><subfield code='z'>(OCoLC)495286347</subfield><subfield code='z'>(OCoLC)500973163</subfield><subfield code='z'>(OCoLC)514162132</subfield><subfield code='z'>(OCoLC)646810345</subfield><subfield code='z'>(OCoLC)746470726</subfield><subfield code='z'>(OCoLC)746942636</subfield><subfield code='z'>(OCoLC)756715442</subfield></datafield><datafield ind1=' ' ind2=' ' tag='037'><subfield code='a'>978-1-4020-8879-7</subfield><subfield code='b'>Springer</subfield><subfield code='n'>http://www.springerlink.com</subfield></datafield><datafield ind1=' ' ind2=' ' tag='040'><subfield code='a'>GW5XE</subfield><subfield code='b'>eng</subfield><subfield code='e'>pn</subfield><subfield code='c'>GW5XE</subfield><subfield code='d'>YDXCP</subfield><subfield code='d'>CEF</subfield><subfield code='d'>OCLCQ</subfield><subfield code='d'>HUA</subfield><subfield code='d'>UAB</subfield><subfield code='d'>N$T</subfield><subfield code='d'>NUI</subfield><subfield code='d'>CDX</subfield><subfield code='d'>E7B</subfield><subfield code='d'>IDEBK</subfield><subfield code='d'>ISOBC</subfield><subfield code='d'>EBLCP</subfield><subfield code='d'>OCLCQ</subfield><subfield code='d'>NLGGC</subfield><subfield code='d'>OCLCQ</subfield><subfield code='d'>OCLCF</subfield><subfield code='d'>DEBSZ</subfield><subfield code='d'>BEDGE</subfield><subfield code='d'>OCLCQ</subfield></datafield><datafield ind1=' ' ind2=' ' tag='049'><subfield code='a'>TEUU</subfield></datafield><datafield ind1=' ' ind2='7' tag='072'><subfield code='a'>COM</subfield><subfield code='x'>082000</subfield><subfield code='2'>bisacsh</subfield></datafield><datafield ind1=' ' ind2='7' tag='072'><subfield code='a'>K</subfield><subfield code='2'>bicssc</subfield></datafield><datafield ind1=' ' ind2=' ' tag='090'><subfield code='a'>QH324.2</subfield><subfield code='b'>.B56 2009</subfield></datafield><datafield ind1='0' ind2='0' tag='245'><subfield code='a'>Bioinformatics</subfield><subfield code='h'>[electronic resource] :</subfield><subfield code='b'>applications in life and environmental sciences /</subfield><subfield code='c'>edited by M.H. Fulekar.</subfield></datafield><datafield ind1=' ' ind2=' ' tag='260'><subfield code='a'>Dordrecht :</subfield><subfield code='b'>Springer ;</subfield><subfield code='a'>New Delhi :</subfield><subfield code='b'>Capital Pub. Co.,</subfield><subfield code='c'>©2009.</subfield></datafield><datafield ind1=' ' ind2=' ' tag='300'><subfield code='a'>1 online resource (vi, 247 pages) :</subfield><subfield code='b'>illustrations</subfield></datafield><datafield ind1=' ' ind2=' ' tag='336'><subfield code='a'>text</subfield><subfield code='b'>txt</subfield><subfield code='2'>rdacontent</subfield></datafield><datafield ind1=' ' ind2=' ' tag='337'><subfield code='a'>computer</subfield><subfield code='b'>c</subfield><subfield code='2'>rdamedia</subfield></datafield><datafield ind1=' ' ind2=' ' tag='338'><subfield code='a'>online resource</subfield><subfield code='b'>cr</subfield><subfield code='2'>rdacarrier</subfield></datafield><datafield ind1=' ' ind2=' ' tag='504'><subfield code='a'>Includes bibliographical references and index.</subfield></datafield><datafield ind1='0' ind2=' ' tag='505'><subfield code='a'>Bioinformatics in life and environmental sciences / M.H. Fulekar -- Role of computers in bioinformatics / Tularam M. Bansod -- Comparative genomics and proteomics / M.V. Hosur -- Bioinformatics-structural biology interface / Desh Deepak Singh -- Statistical mining of gene and protein databanks / Rajani R. Joshi -- Building bioinformatic database systems / B.B. Meshram -- Bio-sequence signatures using chaos game representation / Achuthsanker S. Nair [and others] -- Data mining for bioinformatics-microarray data / T.V. Prasad and S.I. Ahson -- Data mining for bioinformatics-systems biology / T.V. Prasad and S.I. Ahson -- Environmental cleanup approach using bioinformatics in bioremediation / M.H. Fulekar -- Nantechnology-in relation to bioinformatics / M.H. Fulekar -- Bioinformatics-research applications / S. Gupta.</subfield></datafield><datafield ind1='0' ind2=' ' tag='520'><subfield code='a'>Bioinformatics in life and environmental sciences / M.H. Fulekar -- Role of computers in bioinformatics / Tularam M. Bansod -- Comparative genomics and proteomics / M.V. Hosur -- Bioinformatics-structural biology interface / Desh Deepak Singh -- Statistical mining of gene and protein databanks / Rajani R. Joshi -- Building bioinformatic database systems / B.B. Meshram -- Bio-sequence signatures using chaos game representation / Achuthsanker S. Nair [and others] -- Data mining for bioinformatics-microarray data / T.V. Prasad and S.I. Ahson -- Data mining for bioinformatics-systems biology / T.V. Prasad and S.I. Ahson -- Environmental cleanup approach using bioinformatics in bioremediation / M.H. Fulekar -- Nantechnology-in relation to bioinformatics / M.H. Fulekar -- Bioinformatics-research applications / S. Gupta.</subfield></datafield><datafield ind1='0' ind2=' ' tag='588'><subfield code='a'>Print version record.</subfield></datafield><datafield ind1=' ' ind2=' ' tag='590'><subfield code='a'>Access is available to the Temple Community through use of a networked computer with a Temple IP address.</subfield></datafield><datafield ind1=' ' ind2='0' tag='650'><subfield code='a'>Bioinformatics.</subfield></datafield><datafield ind1='1' ind2='2' tag='650'><subfield code='a'>Computational Biology.</subfield></datafield><datafield ind1=' ' ind2='7' tag='650'><subfield code='a'>COMPUTERS</subfield><subfield code='x'>Bioinformatics.</subfield><subfield code='2'>bisacsh</subfield></datafield><datafield ind1=' ' ind2='7' tag='650'><subfield code='a'>Sciences de la vie.</subfield><subfield code='2'>eclas</subfield></datafield><datafield ind1=' ' ind2='7' tag='650'><subfield code='a'>Biomédecine.</subfield><subfield code='2'>eclas</subfield></datafield><datafield ind1=' ' ind2='7' tag='650'><subfield code='a'>Bioinformatics.</subfield><subfield code='2'>fast</subfield><subfield code='0'>(OCoLC)fst00832181</subfield></datafield><datafield ind1='1' ind2='7' tag='650'><subfield code='a'>Datamining.</subfield><subfield code='2'>gtt</subfield></datafield><datafield ind1='1' ind2='7' tag='650'><subfield code='a'>Sequenties.</subfield><subfield code='2'>gtt</subfield></datafield><datafield ind1='1' ind2='7' tag='650'><subfield code='a'>Bio-informatica.</subfield><subfield code='2'>gtt</subfield></datafield><datafield ind1='1' ind2='7' tag='650'><subfield code='a'>Databanken.</subfield><subfield code='2'>gtt</subfield></datafield><datafield ind1='1' ind2='7' tag='650'><subfield code='a'>Nanotechnologie.</subfield><subfield code='2'>gtt</subfield></datafield><datafield ind1='1' ind2='7' tag='650'><subfield code='a'>Systeembiologie.</subfield><subfield code='2'>gtt</subfield></datafield><datafield ind1='1' ind2='7' tag='650'><subfield code='a'>DNA Microarrays.</subfield><subfield code='2'>gtt</subfield></datafield><datafield ind1='1' ind2='7' tag='650'><subfield code='a'>Proteomica.</subfield><subfield code='2'>gtt</subfield></datafield><datafield ind1='1' ind2='7' tag='650'><subfield code='a'>Genomica.</subfield><subfield code='2'>gtt</subfield></datafield><datafield ind1=' ' ind2='4' tag='655'><subfield code='a'>Electronic books.</subfield></datafield><datafield ind1='1' ind2=' ' tag='700'><subfield code='a'>Fulekar, M. H.</subfield></datafield><datafield ind1='2' ind2=' ' tag='710'><subfield code='a'>SpringerLink (Online service)</subfield></datafield><datafield ind1='0' ind2='8' tag='776'><subfield code='i'>Print version:</subfield><subfield code='t'>Bioinformatics.</subfield><subfield code='d'>Dordrecht : Springer ; New Delhi : Capital Pub. Co., ©2009</subfield><subfield code='z'>9781402088797</subfield><subfield code='z'>1402088795</subfield><subfield code='w'>(OCoLC)305127488</subfield></datafield><datafield ind1='4' ind2='0' tag='856'><subfield code='z'>Access full text online.</subfield><subfield code='u'>http://libproxy.temple.edu/login?url=http://link.springer.com/10.1007/978-1-4020-8880-3</subfield></datafield><datafield ind1=' ' ind2=' ' tag='907'><subfield code='a'>.b49706615</subfield><subfield code='b'>w    </subfield><subfield code='c'>-</subfield></datafield><datafield ind1=' ' ind2=' ' tag='902'><subfield code='a'>170601</subfield></datafield><datafield ind1=' ' ind2=' ' tag='998'><subfield code='b'>0</subfield><subfield code='c'>110925</subfield><subfield code='d'>m</subfield><subfield code='e'>@</subfield><subfield code='f'>-</subfield><subfield code='g'>0</subfield></datafield><datafield ind1=' ' ind2=' ' tag='902'><subfield code='a'>SpringerLink 2015-09-30</subfield></datafield><datafield ind1=' ' ind2=' ' tag='945'><subfield code='l'>w    </subfield><subfield code='g'>1</subfield></datafield><datafield ind1=' ' ind2=' ' tag='ADM'><subfield code='e'>b49706615-01tuli_inst</subfield><subfield code='d'>ILS</subfield><subfield code='a'>2017-06-20 08:08:34</subfield><subfield code='c'>false</subfield></datafield><datafield ind1=' ' ind2=' ' tag='PRT'><subfield code='a'>53374272890003811</subfield><subfield code='b'>https://sandbox01-na.alma.exlibrisgroup.com/view/uresolver/01TULI_INST/openurl?u.ignore_date_coverage=true&amp;rft.mms_id=991020601559703811</subfield><subfield code='f'>Access full text online.</subfield><subfield code='9'>Available</subfield><subfield code='d'>MAIN</subfield><subfield code='c'>SpringerLink Ebooks</subfield><subfield code='8'>53374272890003811</subfield></datafield></record>