
<record xmlns='http://www.loc.gov/MARC21/slim'><leader>02714cam a2200613Ia 4500</leader><controlfield tag='005'>20150320070601.3</controlfield><controlfield tag='006'>m     o  d        </controlfield><controlfield tag='007'>cr cn|||||||||</controlfield><controlfield tag='008'>080715s2008    gw a    ob    001 0 eng d</controlfield><controlfield tag='001'>991020409489703811</controlfield><datafield ind1=' ' ind2=' ' tag='020'><subfield code='a'>9783540728009</subfield></datafield><datafield ind1=' ' ind2=' ' tag='020'><subfield code='a'>3540728007</subfield></datafield><datafield ind1=' ' ind2=' ' tag='020'><subfield code='a'>9783540727996 (acid-free paper : pbk.)</subfield></datafield><datafield ind1=' ' ind2=' ' tag='020'><subfield code='a'>354072799X (acid-free paper : pbk.)</subfield></datafield><datafield ind1=' ' ind2=' ' tag='035'><subfield code='a'>(PPT)b49667762-01tuli_inst</subfield></datafield><datafield ind1=' ' ind2=' ' tag='035'><subfield code='a'>(OCoLC)233973269</subfield><subfield code='z'>(OCoLC)756430392</subfield><subfield code='z'>(OCoLC)880325328</subfield></datafield><datafield ind1=' ' ind2=' ' tag='037'><subfield code='a'>978-3-540-72799-6</subfield><subfield code='b'>Springer</subfield><subfield code='n'>http://www.springerlink.com</subfield></datafield><datafield ind1=' ' ind2=' ' tag='040'><subfield code='a'>GW5XE</subfield><subfield code='b'>eng</subfield><subfield code='c'>GW5XE</subfield><subfield code='d'>OCLCQ</subfield><subfield code='d'>A7U</subfield><subfield code='d'>OCLCQ</subfield><subfield code='d'>OCLCF</subfield><subfield code='d'>BEDGE</subfield><subfield code='d'>COO</subfield><subfield code='d'>SLY</subfield></datafield><datafield ind1='1' ind2=' ' tag='041'><subfield code='a'>eng</subfield><subfield code='h'>ger</subfield></datafield><datafield ind1=' ' ind2=' ' tag='049'><subfield code='a'>TEUU</subfield></datafield><datafield ind1=' ' ind2=' ' tag='090'><subfield code='a'>QH324.2</subfield><subfield code='b'>.S4613 2008eb</subfield></datafield><datafield ind1='1' ind2=' ' tag='100'><subfield code='a'>Selzer, P. M.</subfield><subfield code='q'>(Paul M.)</subfield></datafield><datafield ind1='0' ind2='0' tag='240'><subfield code='a'>Angewandte Bioinformatik.</subfield><subfield code='l'>English</subfield></datafield><datafield ind1='1' ind2='0' tag='245'><subfield code='a'>Applied bioinformatics</subfield><subfield code='h'>[electronic resource] :</subfield><subfield code='b'>an introduction /</subfield><subfield code='c'>P.M. Selzer, R.J. Marhöfer, A. Rohwer ; [translators, P.D. Frank Seeber, Conor Caffrey].</subfield></datafield><datafield ind1=' ' ind2=' ' tag='260'><subfield code='a'>Berlin :</subfield><subfield code='b'>Springer,</subfield><subfield code='c'>c2008.</subfield></datafield><datafield ind1=' ' ind2=' ' tag='300'><subfield code='a'>1 online resource (xiv, 287 p.) :</subfield><subfield code='b'>ill. (some col.)</subfield></datafield><datafield ind1=' ' ind2=' ' tag='500'><subfield code='a'>&quot;The present book is based upon a lecture series of Paul M. Selzer ... and was first published in German in 2004.&quot;</subfield></datafield><datafield ind1=' ' ind2=' ' tag='500'><subfield code='a'>&quot;Including exercises and solutions&quot;--Cover.</subfield></datafield><datafield ind1=' ' ind2=' ' tag='504'><subfield code='a'>Includes bibliographical references and index.</subfield></datafield><datafield ind1=' ' ind2=' ' tag='588'><subfield code='a'>Description based on print version record.</subfield></datafield><datafield ind1=' ' ind2=' ' tag='590'><subfield code='a'>Access is available to the Temple Community through use of a networked computer with a Temple IP address.</subfield></datafield><datafield ind1=' ' ind2='0' tag='650'><subfield code='a'>Bioinformatics.</subfield></datafield><datafield ind1=' ' ind2='0' tag='650'><subfield code='a'>Bioinformatics</subfield><subfield code='v'>Problems, exercises, etc.</subfield></datafield><datafield ind1=' ' ind2='2' tag='650'><subfield code='a'>Computational Biology.</subfield></datafield><datafield ind1=' ' ind2='2' tag='650'><subfield code='a'>Computational Biology</subfield><subfield code='v'>Problems and Exercises.</subfield></datafield><datafield ind1=' ' ind2='7' tag='650'><subfield code='a'>Bioinformatics.</subfield><subfield code='2'>fast</subfield><subfield code='0'>(OCoLC)fst00832181</subfield></datafield><datafield ind1=' ' ind2='7' tag='650'><subfield code='a'>Biomédecine.</subfield><subfield code='2'>eclas</subfield></datafield><datafield ind1=' ' ind2='7' tag='650'><subfield code='a'>Sciences de la vie.</subfield><subfield code='2'>eclas</subfield></datafield><datafield ind1='0' ind2='7' tag='650'><subfield code='a'>Bioinformatics.</subfield><subfield code='2'>cct</subfield></datafield><datafield ind1='0' ind2='7' tag='650'><subfield code='a'>Computational Biology.</subfield><subfield code='2'>cct</subfield></datafield><datafield ind1='0' ind2='7' tag='650'><subfield code='a'>Electronic books.</subfield><subfield code='2'>cct</subfield></datafield><datafield ind1=' ' ind2='4' tag='655'><subfield code='a'>Electronic books.</subfield></datafield><datafield ind1=' ' ind2='7' tag='655'><subfield code='a'>Problems, exercises, etc.</subfield><subfield code='2'>fast</subfield><subfield code='0'>(OCoLC)fst01423783</subfield></datafield><datafield ind1=' ' ind2='7' tag='655'><subfield code='a'>Electronic books.</subfield><subfield code='2'>local</subfield></datafield><datafield ind1='1' ind2=' ' tag='700'><subfield code='a'>Marhöfer, R. J.</subfield><subfield code='q'>(Richard J.)</subfield></datafield><datafield ind1='1' ind2=' ' tag='700'><subfield code='a'>Rohwer, A.</subfield><subfield code='q'>(Andreas)</subfield></datafield><datafield ind1='2' ind2=' ' tag='710'><subfield code='a'>SpringerLink (Online service)</subfield></datafield><datafield ind1='0' ind2='8' tag='776'><subfield code='i'>Print version:</subfield><subfield code='a'>Selzer, P.M. (Paul M.).</subfield><subfield code='s'>Angewandte Bioinformatik. English.</subfield><subfield code='t'>Applied bioinformatics.</subfield><subfield code='d'>Berlin : Springer, c2008</subfield><subfield code='z'>9783540727996</subfield><subfield code='z'>354072799X</subfield><subfield code='w'>(DLC)  2007937094</subfield><subfield code='w'>(OCoLC)178311702</subfield></datafield><datafield ind1='4' ind2='0' tag='856'><subfield code='z'>Access full text online.</subfield><subfield code='u'>http://libproxy.temple.edu/login?url=http://link.springer.com/10.1007/978-3-540-72800-9</subfield></datafield><datafield ind1=' ' ind2=' ' tag='907'><subfield code='a'>.b49667762</subfield><subfield code='b'>w    </subfield><subfield code='c'>-</subfield></datafield><datafield ind1=' ' ind2=' ' tag='902'><subfield code='a'>170601</subfield></datafield><datafield ind1=' ' ind2=' ' tag='998'><subfield code='b'>0</subfield><subfield code='c'>110925</subfield><subfield code='d'>m</subfield><subfield code='e'>@</subfield><subfield code='f'>-</subfield><subfield code='g'>0</subfield></datafield><datafield ind1=' ' ind2=' ' tag='902'><subfield code='a'>SpringerLink 2015-09-30</subfield></datafield><datafield ind1=' ' ind2=' ' tag='945'><subfield code='l'>w    </subfield><subfield code='g'>1</subfield></datafield><datafield ind1=' ' ind2=' ' tag='ADM'><subfield code='e'>b49667762-01tuli_inst</subfield><subfield code='d'>ILS</subfield><subfield code='a'>2017-06-20 13:45:22</subfield><subfield code='c'>false</subfield></datafield><datafield ind1=' ' ind2=' ' tag='PRT'><subfield code='a'>53373947150003811</subfield><subfield code='b'>https://sandbox01-na.alma.exlibrisgroup.com/view/uresolver/01TULI_INST/openurl?u.ignore_date_coverage=true&amp;rft.mms_id=991020409489703811</subfield><subfield code='f'>Access full text online.</subfield><subfield code='9'>Available</subfield><subfield code='d'>MAIN</subfield><subfield code='c'>SpringerLink Ebooks</subfield><subfield code='8'>53373947150003811</subfield></datafield></record>