
<record xmlns='http://www.loc.gov/MARC21/slim'><leader>01315nam a2200397 a 4500</leader><controlfield tag='005'>20170825234314.0</controlfield><controlfield tag='008'>010821s2001    nyua     b    001 0 eng d</controlfield><controlfield tag='001'>991025479519703811</controlfield><datafield ind1=' ' ind2=' ' tag='010'><subfield code='a'>00060252</subfield></datafield><datafield ind1=' ' ind2=' ' tag='020'><subfield code='a'>0879695978 (cloth : alk. paper)</subfield></datafield><datafield ind1=' ' ind2=' ' tag='035'><subfield code='a'>(PPT)b24327074-01tuli_inst</subfield></datafield><datafield ind1=' ' ind2=' ' tag='035'><subfield code='a'>(CStRLIN)ocn487137842</subfield><subfield code='9'>ExL</subfield></datafield><datafield ind1=' ' ind2=' ' tag='035'><subfield code='a'>PATG01-B9935</subfield></datafield><datafield ind1=' ' ind2=' ' tag='035'><subfield code='a'>ocm44727689</subfield></datafield><datafield ind1=' ' ind2=' ' tag='035'><subfield code='a'>(OCLC)ocm44727689</subfield></datafield><datafield ind1=' ' ind2=' ' tag='040'><subfield code='a'>DLC</subfield><subfield code='c'>DLC</subfield><subfield code='d'>CStRLIN</subfield><subfield code='d'>PPT</subfield></datafield><datafield ind1=' ' ind2=' ' tag='042'><subfield code='a'>pcc</subfield></datafield><datafield ind1=' ' ind2=' ' tag='079'><subfield code='a'>ocm44727689</subfield></datafield><datafield ind1=' ' ind2=' ' tag='090'><subfield code='a'>QH441.2</subfield><subfield code='b'>.M68 2001</subfield></datafield><datafield ind1='1' ind2=' ' tag='100'><subfield code='a'>Mount, David W.</subfield></datafield><datafield ind1='1' ind2='0' tag='245'><subfield code='a'>Bioinformatics :</subfield><subfield code='b'>sequence and genome analysis /</subfield><subfield code='c'>David W. Mount.</subfield></datafield><datafield ind1=' ' ind2=' ' tag='260'><subfield code='a'>Cold Spring Harbor, N.Y. :</subfield><subfield code='b'>Cold Spring Harbor Laboratory Press,</subfield><subfield code='c'>c2001.</subfield></datafield><datafield ind1=' ' ind2=' ' tag='300'><subfield code='a'>xii, 564 p. :</subfield><subfield code='b'>ill. (some col.) ;</subfield><subfield code='c'>29 cm.</subfield></datafield><datafield ind1=' ' ind2=' ' tag='504'><subfield code='a'>Includes bibliographical references and index.</subfield></datafield><datafield ind1=' ' ind2='0' tag='650'><subfield code='a'>Genetics</subfield><subfield code='x'>Data processing.</subfield></datafield><datafield ind1=' ' ind2='0' tag='650'><subfield code='a'>Bioinformatics.</subfield></datafield><datafield ind1=' ' ind2='0' tag='650'><subfield code='a'>Nucleotide sequence.</subfield></datafield><datafield ind1=' ' ind2='0' tag='650'><subfield code='a'>Amino acid sequence.</subfield></datafield><datafield ind1=' ' ind2='1' tag='901'><subfield code='i'>39074014679120</subfield><subfield code='l'>ostk</subfield><subfield code='a'>QH441.2</subfield><subfield code='b'>.M68 2001</subfield><subfield code='s'>-</subfield><subfield code='t'>0</subfield><subfield code='z'>090</subfield></datafield><datafield ind1=' ' ind2=' ' tag='902'><subfield code='a'>151119</subfield></datafield><datafield ind1=' ' ind2=' ' tag='907'><subfield code='a'>.b24327074</subfield><subfield code='b'>multi</subfield><subfield code='c'>-</subfield></datafield><datafield ind1=' ' ind2=' ' tag='945'><subfield code='l'>pstk </subfield><subfield code='g'>1</subfield></datafield><datafield ind1=' ' ind2=' ' tag='950'><subfield code='l'>BIOL</subfield><subfield code='i'>08/21/01 N</subfield></datafield><datafield ind1=' ' ind2=' ' tag='979'><subfield code='a'>ocm44727689</subfield></datafield><datafield ind1=' ' ind2=' ' tag='998'><subfield code='b'>1</subfield><subfield code='c'>010822</subfield><subfield code='d'>m</subfield><subfield code='e'>a</subfield><subfield code='f'>-</subfield><subfield code='g'>0</subfield></datafield><datafield ind1=' ' ind2=' ' tag='998'><subfield code='a'>08/21/01</subfield><subfield code='t'>c</subfield><subfield code='s'>9115</subfield><subfield code='l'>PATG</subfield><subfield code='n'>PPT</subfield><subfield code='w'>CTYAFNV0752B</subfield><subfield code='d'>08/21/01</subfield><subfield code='c'>CDC</subfield><subfield code='b'>CDC</subfield></datafield><datafield ind1=' ' ind2=' ' tag='ADM'><subfield code='b'>2017-08-26 03:43:14</subfield><subfield code='e'>b24327074-01tuli_inst</subfield><subfield code='d'>ILS</subfield><subfield code='a'>2017-06-20 08:37:44</subfield><subfield code='c'>false</subfield></datafield><datafield ind1='0' ind2=' ' tag='HLD'><subfield code='b'>MAIN</subfield><subfield code='c'>stacks</subfield><subfield code='h'>QH441.2</subfield><subfield code='i'>.M68 2001</subfield><subfield code='8'>22284529120003811</subfield></datafield><datafield ind1=' ' ind2=' ' tag='ITM'><subfield code='r'>22284529120003811</subfield><subfield code='b'>1</subfield><subfield code='h'>0</subfield><subfield code='g'>stacks</subfield><subfield code='t'>BOOK</subfield><subfield code='9'>39074014679120</subfield><subfield code='e'>stacks</subfield><subfield code='8'>23284529110003811</subfield><subfield code='a'>0</subfield><subfield code='q'>2017-06-20 08:37:44</subfield><subfield code='i'>QH441.2 .M68 2001</subfield><subfield code='d'>MAIN</subfield><subfield code='f'>MAIN</subfield></datafield></record>