
<record xmlns='http://www.loc.gov/MARC21/slim'><leader>04423cam a2200577 i 4500</leader><controlfield tag='005'>20180529085412.0</controlfield><controlfield tag='008'>141020s2015    nyua     b    001 0 eng d</controlfield><controlfield tag='001'>991036892498803811</controlfield><datafield ind1=' ' ind2=' ' tag='010'><subfield code='a'>  2014958476</subfield></datafield><datafield ind1='7' ind2=' ' tag='016'><subfield code='a'>101656028</subfield><subfield code='2'>DNLM</subfield></datafield><datafield ind1=' ' ind2=' ' tag='020'><subfield code='a'>9781493922901</subfield><subfield code='q'>(alk. paper)</subfield></datafield><datafield ind1=' ' ind2=' ' tag='020'><subfield code='a'>1493922904</subfield><subfield code='q'>(alk. paper)</subfield></datafield><datafield ind1=' ' ind2=' ' tag='020'><subfield code='a'>9781493946440</subfield><subfield code='q'>(paperback)</subfield></datafield><datafield ind1=' ' ind2=' ' tag='020'><subfield code='a'>1493946447</subfield><subfield code='q'>(paperback)</subfield></datafield><datafield ind1=' ' ind2=' ' tag='020'><subfield code='a'>9781493922918</subfield><subfield code='q'>(eBook)</subfield></datafield><datafield ind1=' ' ind2=' ' tag='020'><subfield code='a'>1493922912</subfield><subfield code='q'>(eBook)</subfield></datafield><datafield ind1=' ' ind2=' ' tag='035'><subfield code='a'>(OCoLC)910704756</subfield></datafield><datafield ind1=' ' ind2=' ' tag='040'><subfield code='a'>BTCTA</subfield><subfield code='b'>eng</subfield><subfield code='e'>rda</subfield><subfield code='c'>NLM</subfield><subfield code='d'>OCLCO</subfield><subfield code='d'>OCLCQ</subfield><subfield code='d'>BTCTA</subfield><subfield code='d'>MYUSM</subfield><subfield code='d'>OCLCO</subfield><subfield code='d'>OCLCF</subfield><subfield code='d'>OCLCO</subfield><subfield code='d'>UV1</subfield><subfield code='d'>CTB</subfield><subfield code='d'>NLM</subfield><subfield code='d'>OCLCO</subfield><subfield code='d'>RCE</subfield><subfield code='d'>OCLCA</subfield></datafield><datafield ind1=' ' ind2=' ' tag='042'><subfield code='a'>nlmcopyc</subfield></datafield><datafield ind1=' ' ind2='4' tag='050'><subfield code='a'>QH324.2</subfield><subfield code='b'>.R53 2015</subfield></datafield><datafield ind1='0' ind2='0' tag='060'><subfield code='a'>W1 ME9616J</subfield><subfield code='b'>v.1269 2015</subfield></datafield><datafield ind1='1' ind2='0' tag='060'><subfield code='a'>QU 25</subfield></datafield><datafield ind1='0' ind2='4' tag='082'><subfield code='a'>572.80285</subfield><subfield code='2'>23</subfield></datafield><datafield ind1='0' ind2='0' tag='245'><subfield code='a'>RNA bioinformatics /</subfield><subfield code='c'>edited by Ernesto Picardi.</subfield></datafield><datafield ind1=' ' ind2='1' tag='264'><subfield code='a'>New York :</subfield><subfield code='b'>Humana Press,</subfield><subfield code='c'>[2015]</subfield></datafield><datafield ind1=' ' ind2=' ' tag='300'><subfield code='a'>xii, 415 pages :</subfield><subfield code='b'>illustrations (some color) ;</subfield><subfield code='c'>27 cm.</subfield></datafield><datafield ind1=' ' ind2=' ' tag='336'><subfield code='a'>text</subfield><subfield code='b'>txt</subfield><subfield code='2'>rdacontent</subfield></datafield><datafield ind1=' ' ind2=' ' tag='337'><subfield code='a'>unmediated</subfield><subfield code='b'>n</subfield><subfield code='2'>rdamedia</subfield></datafield><datafield ind1=' ' ind2=' ' tag='338'><subfield code='a'>volume</subfield><subfield code='b'>nc</subfield><subfield code='2'>rdacarrier</subfield></datafield><datafield ind1='1' ind2=' ' tag='490'><subfield code='a'>Methods in Molecular Biology,</subfield><subfield code='x'>1064-3745 ;</subfield><subfield code='v'>1269</subfield></datafield><datafield ind1='1' ind2=' ' tag='490'><subfield code='a'>Springer Protocols</subfield></datafield><datafield ind1=' ' ind2=' ' tag='504'><subfield code='a'>Includes bibliographical references and index.</subfield></datafield><datafield ind1='0' ind2=' ' tag='505'><subfield code='a'>Machine generated contents note: pt. I RNA Secondary and Tertiary Structures -- 1.Free Energy Minimization to Predict RNA Secondary Structures and Computational RNA Design / Danny Barash -- 2.RNA Secondary Structure Prediction from Multi-aligned Sequences / Michiaki Hamada -- 3.A Simple Protocol for the Inference of RNA Global Pairwise Alignments / Fabrizio Ferre -- 4.De Novo Secondary Structure Motif Discovery Using RNAProfile / Giulio Pavesi -- 5.Drawing and Editing the Secondary Structure(s) of RNA / Fabrice Leclerc -- 6.Modeling and Predicting RNA Three-Dimensional Structures / Vladimir Reinharz -- 7.Fast Prediction of RNA -- RNA Interaction Using Heuristic Algorithm / Soheila Montaseri -- pt. II Analysis of High-Throughput RNA Sequencing Data -- 8.Quality Control of RNA-Seq Experiments / Liguo Wang -- 9.Accurate Mapping of RNA-Seq Data / Kin Fai Au -- 10.Quantifying Entire Transcriptomes by Aligned RNA-Seq Data / Francesca Zolezzi</subfield></datafield><datafield ind1='0' ind2=' ' tag='505'><subfield code='a'>Note continued: 11.Transcriptome Assembly and Alternative Splicing Analysis / Raffaella Rizzi -- 12.Detection of Post-Transcriptional RNA Editing Events / Graziano Pesole -- 13.Prediction of miRNA Targets / Ioannis Iliopoulos -- 14.Using Deep Sequencing Data for Identification of Editing Sites in Mature miRNAs / Eli Eisenberg -- 15.NGS-Trex: An Automatic Analysis Workflow for RNA-Seq Data / Flavio Mignone -- 16.e-DNA Meta-Barcoding: From NGS Raw Data to Taxonomic Profiling / Monica Santamaria -- 17.Deciphering Metatranscriptomic Data / Helene Touzet -- 18.RIP-Seq Data Analysis to Determine RNA -- Protein Associations / Giulio Pavesi -- pt. III Web Resources for RNA Data Analysis -- 19.The ViennaRNA Web Services / Ronny Lorenz -- 20.Exploring the RNA Editing Potential of RNA-Seq Data by ExpEdit / Graziano Pesole -- 21.A Guideline for the Annotation of UTR Regulatory Elements in the UTRsite Collection / Graziano Pesole</subfield></datafield><datafield ind1='0' ind2=' ' tag='505'><subfield code='a'>Note continued: 22.Rfam: Annotating Families of Non-Coding RNA Sequences / Sarah W. Burge -- 23.ASPicDB: A Database Web Tool for Alternative Splicing Analysis / Graziano Pesole -- 24.Analysis of Alternative Splicing Events in Custom Gene Datasets by AStalavista / Michael Sammeth -- 25.Computational Design of Artificial RNA Molecules for Gene Regulation / Alfredo Ferro.</subfield></datafield><datafield ind1=' ' ind2='0' tag='650'><subfield code='a'>Bioinformatics.</subfield></datafield><datafield ind1=' ' ind2='0' tag='650'><subfield code='a'>Computational biology.</subfield></datafield><datafield ind1=' ' ind2='0' tag='650'><subfield code='a'>RNA</subfield><subfield code='x'>Biotechnology.</subfield></datafield><datafield ind1=' ' ind2='7' tag='650'><subfield code='a'>Bioinformatics.</subfield><subfield code='2'>fast</subfield><subfield code='0'>(OCoLC)fst00832181</subfield></datafield><datafield ind1=' ' ind2='7' tag='650'><subfield code='a'>Computational biology.</subfield><subfield code='2'>fast</subfield><subfield code='0'>(OCoLC)fst00871990</subfield></datafield><datafield ind1=' ' ind2='7' tag='650'><subfield code='a'>RNA</subfield><subfield code='x'>Biotechnology.</subfield><subfield code='2'>fast</subfield><subfield code='0'>(OCoLC)fst01752207</subfield></datafield><datafield ind1='1' ind2='2' tag='650'><subfield code='a'>RNA</subfield><subfield code='x'>genetics.</subfield></datafield><datafield ind1='2' ind2='2' tag='650'><subfield code='a'>Computational Biology</subfield><subfield code='x'>methods.</subfield></datafield><datafield ind1='2' ind2='2' tag='650'><subfield code='a'>Sequence Analysis, RNA</subfield><subfield code='x'>methods.</subfield></datafield><datafield ind1='1' ind2=' ' tag='700'><subfield code='a'>Picardi, Ernesto,</subfield><subfield code='e'>editor.</subfield></datafield><datafield ind1=' ' ind2='0' tag='830'><subfield code='a'>Methods in molecular biology (Clifton, N.J.) ;</subfield><subfield code='v'>v. 1269.</subfield><subfield code='x'>1064-3745</subfield></datafield><datafield ind1=' ' ind2='0' tag='830'><subfield code='a'>Springer protocols (Series).</subfield><subfield code='x'>1949-2448</subfield></datafield><datafield ind1='4' ind2='1' tag='856'><subfield code='u'>http://www.springerprotocols.com/BookToc/doi/10.1007/978-1-4939-2291-8</subfield><subfield code='z'>Access electronic version</subfield></datafield><datafield ind1='4' ind2='1' tag='856'><subfield code='3'>Table of contents</subfield><subfield code='u'>http://catdir.loc.gov/catdir/enhancements/fy1504/2014958476-t.html</subfield></datafield><datafield ind1=' ' ind2=' ' tag='979'><subfield code='a'>(OCoLC)910704756</subfield></datafield><datafield ind1=' ' ind2=' ' tag='997'><subfield code='a'>20180518</subfield><subfield code='d'>TEU</subfield><subfield code='c'>COUTTS SR</subfield><subfield code='e'>MARCIVE</subfield><subfield code='e'>WCAT</subfield></datafield><datafield ind1='0' ind2=' ' tag='HLD'><subfield code='b'>MAIN</subfield><subfield code='c'>stacks</subfield><subfield code='h'>QH324.2</subfield><subfield code='i'>.R53 2015</subfield><subfield code='8'>22416151740003811</subfield></datafield><datafield ind1=' ' ind2=' ' tag='ITM'><subfield code='b'>1</subfield><subfield code='h'>0</subfield><subfield code='g'>stacks</subfield><subfield code='9'>39074026627521</subfield><subfield code='e'>stacks</subfield><subfield code='l'>0</subfield><subfield code='8'>23416151730003811</subfield><subfield code='j'>0</subfield><subfield code='a'>0</subfield><subfield code='q'>2018-04-13 19:19:23</subfield><subfield code='i'>QH324.2 .R53 2015</subfield><subfield code='d'>MAIN</subfield><subfield code='r'>2018-05-20 16:23:37</subfield><subfield code='f'>MAIN</subfield></datafield></record>