
<record xmlns='http://www.loc.gov/MARC21/slim'><leader>01768cam a22004814a 4500</leader><controlfield tag='005'>20170825193834.0</controlfield><controlfield tag='008'>080423s2009    nyua     b    001 0 eng  </controlfield><controlfield tag='001'>991034287929703811</controlfield><datafield ind1=' ' ind2=' ' tag='010'><subfield code='a'>2008018595</subfield></datafield><datafield ind1=' ' ind2=' ' tag='020'><subfield code='a'>9780071593069 (alk. paper)</subfield></datafield><datafield ind1=' ' ind2=' ' tag='020'><subfield code='a'>0071593063 (alk. paper)</subfield></datafield><datafield ind1=' ' ind2=' ' tag='035'><subfield code='a'>(PPT)b38801280-01tuli_inst</subfield></datafield><datafield ind1=' ' ind2=' ' tag='035'><subfield code='a'>(DLC)ocn492868285</subfield><subfield code='9'>ExL</subfield></datafield><datafield ind1=' ' ind2=' ' tag='035'><subfield code='a'>(OCoLC)226308163</subfield><subfield code='z'>(OCoLC)225873611</subfield></datafield><datafield ind1=' ' ind2=' ' tag='035'><subfield code='a'>ocn226308163</subfield></datafield><datafield ind1=' ' ind2=' ' tag='035'><subfield code='a'>(OCLC)ocn226308163</subfield></datafield><datafield ind1=' ' ind2=' ' tag='040'><subfield code='a'>DNLM/DLC</subfield><subfield code='c'>DLC</subfield><subfield code='d'>NLM</subfield><subfield code='d'>BAKER</subfield><subfield code='d'>BTCTA</subfield><subfield code='d'>YDXCP</subfield><subfield code='d'>C#P</subfield><subfield code='d'>DLC</subfield></datafield><datafield ind1=' ' ind2=' ' tag='042'><subfield code='a'>pcc</subfield></datafield><datafield ind1=' ' ind2=' ' tag='079'><subfield code='a'>ocn226308163</subfield></datafield><datafield ind1=' ' ind2=' ' tag='090'><subfield code='a'>QH324.2</subfield><subfield code='b'>.S53 2009</subfield></datafield><datafield ind1='1' ind2=' ' tag='100'><subfield code='a'>Sharma, Kal Renganathan.</subfield></datafield><datafield ind1='1' ind2='0' tag='245'><subfield code='a'>Bioinformatics :</subfield><subfield code='b'>sequence alignment and Markov models /</subfield><subfield code='c'>Kal Renganathan Sharma.</subfield></datafield><datafield ind1=' ' ind2=' ' tag='260'><subfield code='a'>New York :</subfield><subfield code='b'>McGraw-Hill,</subfield><subfield code='c'>c2009.</subfield></datafield><datafield ind1=' ' ind2=' ' tag='300'><subfield code='a'>xvi, 320 p. :</subfield><subfield code='b'>ill. ;</subfield><subfield code='c'>24 cm.</subfield></datafield><datafield ind1=' ' ind2=' ' tag='504'><subfield code='a'>Includes bibliographical references and index.</subfield></datafield><datafield ind1='0' ind2=' ' tag='505'><subfield code='a'>Preliminaries -- Alignment of a pair of sequences -- Sequence representation and string algorithms -- Multiple-sequence alignment -- Hidden Markov models and applications -- Gene finding, protein secondary structure -- Biochips -- Electrophoretic techniques and finite speed of diffusion.</subfield></datafield><datafield ind1=' ' ind2='0' tag='650'><subfield code='a'>Bioinformatics.</subfield></datafield><datafield ind1=' ' ind2='0' tag='650'><subfield code='a'>Markov processes.</subfield></datafield><datafield ind1=' ' ind2='0' tag='650'><subfield code='a'>Sequence alignment.</subfield></datafield><datafield ind1=' ' ind2='0' tag='650'><subfield code='a'>Sequence alignment (Bioinformatics)</subfield></datafield><datafield ind1='1' ind2='2' tag='650'><subfield code='a'>Computational Biology</subfield><subfield code='x'>methods.</subfield></datafield><datafield ind1='2' ind2='2' tag='650'><subfield code='a'>Markov Chains.</subfield></datafield><datafield ind1='2' ind2='2' tag='650'><subfield code='a'>Models, Theoretical.</subfield></datafield><datafield ind1='2' ind2='2' tag='650'><subfield code='a'>Sequence Alignment.</subfield></datafield><datafield ind1=' ' ind2=' ' tag='901'><subfield code='a'>BNA</subfield></datafield><datafield ind1=' ' ind2=' ' tag='901'><subfield code='a'>R4732706</subfield></datafield><datafield ind1=' ' ind2=' ' tag='902'><subfield code='a'>151021</subfield></datafield><datafield ind1=' ' ind2=' ' tag='902'><subfield code='a'>090701AF7001</subfield></datafield><datafield ind1=' ' ind2=' ' tag='907'><subfield code='a'>.b38801280</subfield><subfield code='b'>p    </subfield><subfield code='c'>-</subfield></datafield><datafield ind1=' ' ind2=' ' tag='945'><subfield code='l'>pstk </subfield><subfield code='g'>1</subfield></datafield><datafield ind1=' ' ind2=' ' tag='979'><subfield code='a'>ocn226308163</subfield></datafield><datafield ind1=' ' ind2=' ' tag='998'><subfield code='b'>1</subfield><subfield code='c'>090722</subfield><subfield code='d'>m</subfield><subfield code='e'>a</subfield><subfield code='f'>-</subfield><subfield code='g'>0</subfield></datafield><datafield ind1=' ' ind2=' ' tag='998'><subfield code='b'>1</subfield><subfield code='c'>090722</subfield><subfield code='d'>m</subfield><subfield code='e'>a</subfield><subfield code='f'>-</subfield><subfield code='g'>0</subfield></datafield><datafield ind1=' ' ind2=' ' tag='ADM'><subfield code='b'>2017-08-25 23:38:34</subfield><subfield code='e'>b38801280-01tuli_inst</subfield><subfield code='d'>ILS</subfield><subfield code='a'>2017-06-20 10:55:41</subfield><subfield code='c'>false</subfield></datafield><datafield ind1='0' ind2=' ' tag='HLD'><subfield code='b'>MAIN</subfield><subfield code='c'>stacks</subfield><subfield code='h'>QH324.2</subfield><subfield code='i'>.S53 2009</subfield><subfield code='8'>22307424040003811</subfield></datafield><datafield ind1=' ' ind2=' ' tag='ITM'><subfield code='r'>22307424040003811</subfield><subfield code='b'>1</subfield><subfield code='h'>0</subfield><subfield code='g'>stacks</subfield><subfield code='t'>BOOK</subfield><subfield code='9'>39074025448572</subfield><subfield code='e'>stacks</subfield><subfield code='8'>23307424030003811</subfield><subfield code='a'>0</subfield><subfield code='q'>2017-06-20 10:55:41</subfield><subfield code='i'>QH324.2 .S53 2009</subfield><subfield code='d'>MAIN</subfield><subfield code='f'>MAIN</subfield></datafield></record>