
<record xmlns='http://www.loc.gov/MARC21/slim'><leader>02856cam a22005174a 4500</leader><controlfield tag='005'>20170825215244.0</controlfield><controlfield tag='008'>060302s2003    enka     b    001 0 eng c</controlfield><controlfield tag='001'>991012722469703811</controlfield><datafield ind1=' ' ind2=' ' tag='010'><subfield code='a'>2006271966</subfield></datafield><datafield ind1=' ' ind2=' ' tag='020'><subfield code='a'>1859960545</subfield></datafield><datafield ind1=' ' ind2=' ' tag='035'><subfield code='a'>(PPT)b30116454-01tuli_inst</subfield></datafield><datafield ind1=' ' ind2=' ' tag='035'><subfield code='a'>(DLC)ocn491624473</subfield><subfield code='9'>ExL</subfield></datafield><datafield ind1=' ' ind2=' ' tag='035'><subfield code='a'>(OCoLC)ocm51805203</subfield></datafield><datafield ind1=' ' ind2=' ' tag='035'><subfield code='a'>DLC  2006271966</subfield></datafield><datafield ind1=' ' ind2=' ' tag='035'><subfield code='a'>ocm51805203</subfield></datafield><datafield ind1=' ' ind2=' ' tag='035'><subfield code='a'>(OCLC)ocm51805203</subfield></datafield><datafield ind1=' ' ind2=' ' tag='040'><subfield code='a'>NLM</subfield><subfield code='c'>NLM</subfield><subfield code='d'>EQO</subfield><subfield code='d'>B9K</subfield><subfield code='d'>AGL</subfield><subfield code='d'>ABC</subfield><subfield code='d'>OCLCQ</subfield><subfield code='d'>UKM</subfield><subfield code='d'>OCL</subfield><subfield code='d'>BAKER</subfield><subfield code='d'>VRC</subfield><subfield code='d'>DLC</subfield></datafield><datafield ind1=' ' ind2=' ' tag='042'><subfield code='a'>pcc</subfield></datafield><datafield ind1='0' ind2=' ' tag='070'><subfield code='a'>QH324.2</subfield><subfield code='b'>.B565 2003</subfield></datafield><datafield ind1=' ' ind2='0' tag='072'><subfield code='a'>X300</subfield></datafield><datafield ind1=' ' ind2='0' tag='072'><subfield code='a'>X200</subfield></datafield><datafield ind1=' ' ind2=' ' tag='079'><subfield code='a'>ocm51805203</subfield></datafield><datafield ind1=' ' ind2=' ' tag='090'><subfield code='a'>QH323.5</subfield><subfield code='b'>.B455 2003</subfield></datafield><datafield ind1='0' ind2='0' tag='245'><subfield code='a'>Bioinformatics :</subfield><subfield code='b'>genes, proteins, and computers /</subfield><subfield code='c'>edited by Christine Orengo, David Jones, Janet Thornton.</subfield></datafield><datafield ind1=' ' ind2=' ' tag='260'><subfield code='a'>Oxford :</subfield><subfield code='b'>BIOS Scientific ;</subfield><subfield code='a'>New York :</subfield><subfield code='b'>Distributed in the U.S. by Springer-Verlag,</subfield><subfield code='c'>2003.</subfield></datafield><datafield ind1=' ' ind2=' ' tag='300'><subfield code='a'>xiv, 298 p. :</subfield><subfield code='b'>ill. (some col.) ;</subfield><subfield code='c'>25 cm.</subfield></datafield><datafield ind1=' ' ind2='0' tag='440'><subfield code='a'>Advanced text.</subfield></datafield><datafield ind1=' ' ind2=' ' tag='504'><subfield code='a'>Includes bibliographical references and index.</subfield></datafield><datafield ind1='0' ind2=' ' tag='505'><subfield code='a'>1. Molecular evolution / Sylvia Nagl -- 2. Gene finding / John G. Sgouros and Richard M. Twyman -- 3. Sequence comparison methods / Christine Orengo -- 4. Amino acid residue conservation / William S.J. Valdar and David T. Jones -- 5. Function prediction from protein sequence / Sylvia B. Nagl -- 6. Protein structure comparison / Ian Sillitoe and Christine Orengo -- 7. Protein structure classifications / Frances Pearl and Christine Orengo -- 8. Comparative modeling / Andrew C.R. Martin -- 9. Protein structure prediction / David T. Jones -- 10. From protein structure to function / Annabel E. Todd --11. From structure-based genome annotation to understanding genes and proteins / Sarah A. Teichmann -- 12. Global approaches for studying protein-protein interactions / Sarah A. Teichmann -- 13. Predicting the structure of protein-biomolecular interactions / Richard M. Jackson -- 14. Experimental use of DNA arrays / Paul Kellam and Xiaohui Liu -- 15. Mining gene expression data / Xiaohui Liu and Paul Kellam -- 16. Proteomics / Malcolm P. Weir, Walter P. Blackstock and Richard M. Twyman -- 17. Data managament [sic] of biological information / Nigel J. Martin -- 18. Internet technologies for bioinformatics / Andrew C.R. Martin -- Glossary -- Index.</subfield></datafield><datafield ind1=' ' ind2='0' tag='650'><subfield code='a'>Bioinformatics.</subfield></datafield><datafield ind1='1' ind2='2' tag='650'><subfield code='a'>Computational Biology</subfield><subfield code='x'>methods.</subfield></datafield><datafield ind1='2' ind2='2' tag='650'><subfield code='a'>Genomics.</subfield></datafield><datafield ind1='2' ind2='2' tag='650'><subfield code='a'>Proteomics.</subfield></datafield><datafield ind1='2' ind2='2' tag='650'><subfield code='a'>Sequence Analysis</subfield><subfield code='x'>methods.</subfield></datafield><datafield ind1='1' ind2=' ' tag='700'><subfield code='a'>Orengo, Christine.</subfield></datafield><datafield ind1='1' ind2=' ' tag='700'><subfield code='a'>Jones, David</subfield><subfield code='q'>(David T.)</subfield></datafield><datafield ind1='1' ind2=' ' tag='700'><subfield code='a'>Thornton, Janet M.</subfield></datafield><datafield ind1=' ' ind2=' ' tag='901'><subfield code='a'>BNA</subfield></datafield><datafield ind1=' ' ind2=' ' tag='901'><subfield code='a'>R1387865</subfield></datafield><datafield ind1=' ' ind2=' ' tag='902'><subfield code='a'>130122</subfield></datafield><datafield ind1=' ' ind2=' ' tag='902'><subfield code='a'>060426AF0701</subfield></datafield><datafield ind1=' ' ind2=' ' tag='907'><subfield code='a'>.b30116454</subfield><subfield code='b'>p    </subfield><subfield code='c'>-</subfield></datafield><datafield ind1=' ' ind2=' ' tag='945'><subfield code='l'>pstk </subfield><subfield code='g'>1</subfield></datafield><datafield ind1=' ' ind2=' ' tag='979'><subfield code='a'>ocm51805203</subfield></datafield><datafield ind1=' ' ind2=' ' tag='998'><subfield code='b'>0</subfield><subfield code='c'>060511</subfield><subfield code='d'>m</subfield><subfield code='e'>a</subfield><subfield code='f'>-</subfield><subfield code='g'>0</subfield></datafield><datafield ind1=' ' ind2=' ' tag='998'><subfield code='b'>0</subfield><subfield code='c'>060511</subfield><subfield code='d'>m</subfield><subfield code='e'>a</subfield><subfield code='f'>-</subfield><subfield code='g'>0</subfield></datafield><datafield ind1=' ' ind2=' ' tag='ADM'><subfield code='b'>2017-08-26 01:52:44</subfield><subfield code='e'>b30116454-01tuli_inst</subfield><subfield code='d'>ILS</subfield><subfield code='a'>2017-06-20 07:20:41</subfield><subfield code='c'>false</subfield></datafield><datafield ind1='0' ind2=' ' tag='HLD'><subfield code='b'>MAIN</subfield><subfield code='c'>stacks</subfield><subfield code='h'>QH323.5</subfield><subfield code='i'>.B455 2003</subfield><subfield code='8'>22264939730003811</subfield></datafield><datafield ind1=' ' ind2=' ' tag='ITM'><subfield code='r'>22264939730003811</subfield><subfield code='b'>1</subfield><subfield code='h'>0</subfield><subfield code='g'>stacks</subfield><subfield code='t'>BOOK</subfield><subfield code='9'>39074019242643</subfield><subfield code='e'>stacks</subfield><subfield code='8'>23264939720003811</subfield><subfield code='a'>0</subfield><subfield code='q'>2017-06-20 07:20:41</subfield><subfield code='i'>QH323.5 .B455 2003</subfield><subfield code='d'>MAIN</subfield><subfield code='f'>MAIN</subfield></datafield></record>