
<record xmlns='http://www.loc.gov/MARC21/slim'><leader>03024cam a2200433 i 4500</leader><controlfield tag='005'>20180210141651.0</controlfield><controlfield tag='008'>130325t20132013ilu      b    001 0 eng  </controlfield><controlfield tag='001'>991036845996703811</controlfield><datafield ind1=' ' ind2=' ' tag='010'><subfield code='a'>  2013012053</subfield></datafield><datafield ind1=' ' ind2=' ' tag='019'><subfield code='a'>852829619</subfield></datafield><datafield ind1=' ' ind2=' ' tag='020'><subfield code='a'>9781627220101</subfield><subfield code='q'>(pbk.)</subfield></datafield><datafield ind1=' ' ind2=' ' tag='020'><subfield code='a'>1627220100</subfield><subfield code='q'>(pbk.)</subfield></datafield><datafield ind1=' ' ind2=' ' tag='035'><subfield code='a'>(OCoLC)835951537</subfield></datafield><datafield ind1=' ' ind2=' ' tag='040'><subfield code='a'>DLC</subfield><subfield code='b'>eng</subfield><subfield code='e'>rda</subfield><subfield code='c'>DLC</subfield><subfield code='d'>OCLCO</subfield><subfield code='d'>WCL</subfield><subfield code='d'>RCJ</subfield><subfield code='d'>YDXCP</subfield><subfield code='d'>UPM</subfield><subfield code='d'>BWX</subfield><subfield code='d'>OCLCQ</subfield><subfield code='d'>BTCTA</subfield><subfield code='d'>BDX</subfield><subfield code='d'>OCLCO</subfield><subfield code='d'>CGU</subfield><subfield code='d'>OCLCQ</subfield><subfield code='d'>CHVBK</subfield><subfield code='d'>CUH</subfield><subfield code='d'>LRP</subfield><subfield code='d'>OCLCO</subfield><subfield code='d'>OCLCQ</subfield></datafield><datafield ind1=' ' ind2=' ' tag='042'><subfield code='a'>pcc</subfield></datafield><datafield ind1=' ' ind2=' ' tag='043'><subfield code='a'>n-us---</subfield></datafield><datafield ind1='0' ind2='0' tag='050'><subfield code='a'>K3611.G46</subfield><subfield code='b'>B557 2013</subfield></datafield><datafield ind1='0' ind2='0' tag='082'><subfield code='a'>344.04/196</subfield><subfield code='2'>23</subfield></datafield><datafield ind1='0' ind2='0' tag='245'><subfield code='a'>Bioinformatics law :</subfield><subfield code='b'>legal issues for computational biology in the post-genome era /</subfield><subfield code='c'>Jorge L. Contreras and A. James Cuticchia, editors.</subfield></datafield><datafield ind1=' ' ind2='1' tag='264'><subfield code='a'>Chicago, Illinois :</subfield><subfield code='b'>ABA Section of Science &amp; Technology Law,</subfield><subfield code='c'>[2013]</subfield></datafield><datafield ind1=' ' ind2='4' tag='264'><subfield code='c'>©2013</subfield></datafield><datafield ind1=' ' ind2=' ' tag='300'><subfield code='a'>xv, 232 pages ;</subfield><subfield code='c'>26 cm</subfield></datafield><datafield ind1=' ' ind2=' ' tag='336'><subfield code='a'>text</subfield><subfield code='b'>txt</subfield><subfield code='2'>rdacontent</subfield></datafield><datafield ind1=' ' ind2=' ' tag='337'><subfield code='a'>unmediated</subfield><subfield code='b'>n</subfield><subfield code='2'>rdamedia</subfield></datafield><datafield ind1=' ' ind2=' ' tag='338'><subfield code='a'>volume</subfield><subfield code='b'>nc</subfield><subfield code='2'>rdacarrier</subfield></datafield><datafield ind1=' ' ind2=' ' tag='504'><subfield code='a'>Includes bibliographical references and index.</subfield></datafield><datafield ind1='0' ind2='0' tag='505'><subfield code='t'>Bioinformatics overview /</subfield><subfield code='r'>A. James Cuticchia --</subfield><subfield code='t'>Commercial software licensing /</subfield><subfield code='r'>Jeremy T. Marr --</subfield><subfield code='t'>Open source software and bioinformatics /</subfield><subfield code='r'>Michele K. Herman, Jane Eckels, Joanne Montague and Jordan J. Bowler --</subfield><subfield code='t'>Software development /</subfield><subfield code='r'>Heather J. Meeker --</subfield><subfield code='t'>Software patents /</subfield><subfield code='r'>Gregory J. Kirsch and Charley F. Brown --</subfield><subfield code='t'>A gene patent primer /</subfield><subfield code='r'>Jennifer Carter-Johnson --</subfield><subfield code='t'>Privacy, property rights, and gene ownership /</subfield><subfield code='r'>Richard A. Spinello --</subfield><subfield code='t'>Bioinformatics collaborations : key considerations in negotiating a deal /</subfield><subfield code='r'>Kimberly J. Wade --</subfield><subfield code='t'>University research and licensing /</subfield><subfield code='r'>Jennifer Carter-Johnson, Jeffrey S. Carter-Johnson, and Jorge L. Contreras --</subfield><subfield code='t'>Technical standards and bioinformatics /</subfield><subfield code='r'>Jorge L. Contreras --</subfield><subfield code='t'>Database protection /</subfield><subfield code='r'>Jon M. Garon --</subfield><subfield code='t'>Data release and access /</subfield><subfield code='r'>Jorge L. Contreras --</subfield><subfield code='t'>Information security and privacy challenges in bioinformatics /</subfield><subfield code='r'>Lucy L. Thomson and Arthur E. Peabody Jr. --</subfield><subfield code='t'>DNA databanks and informed consent /</subfield><subfield code='r'>Herman T. Tavani and Maria Bottis --</subfield><subfield code='t'>Informatics and public-health surveillance /</subfield><subfield code='r'>Leslie P. Francis and John G. Francis.</subfield></datafield><datafield ind1=' ' ind2=' ' tag='520'><subfield code='a'>&quot;Databases containing the accumulated genomic data of the research community are growing exponentially. This book contains cutting-edge insights from scholars, bioethicists and legal practitioners who work at the ever-changing intersection of law and bioinformatics&quot;--Page 4 of cover.</subfield></datafield><datafield ind1=' ' ind2='0' tag='650'><subfield code='a'>Human genome</subfield><subfield code='x'>Law and legislation.</subfield></datafield><datafield ind1=' ' ind2='0' tag='650'><subfield code='a'>Biotechnology</subfield><subfield code='x'>Law and legislation.</subfield></datafield><datafield ind1=' ' ind2='0' tag='650'><subfield code='a'>Bioinformatics</subfield><subfield code='x'>Law and legislation.</subfield></datafield><datafield ind1=' ' ind2='0' tag='650'><subfield code='a'>Computational biology</subfield><subfield code='x'>Law and legislation.</subfield></datafield><datafield ind1='1' ind2=' ' tag='700'><subfield code='a'>Contreras, Jorge L.,</subfield><subfield code='e'>editor.</subfield></datafield><datafield ind1='1' ind2=' ' tag='700'><subfield code='a'>Cuticchia, A. Jamie,</subfield><subfield code='e'>editor.</subfield></datafield><datafield ind1='2' ind2=' ' tag='710'><subfield code='a'>American Bar Association.</subfield><subfield code='b'>Section of Science &amp; Technology Law.</subfield></datafield><datafield ind1=' ' ind2=' ' tag='960'><subfield code='k'>MAIN</subfield><subfield code='g'>MONOGRAPH</subfield><subfield code='l'>stacks</subfield><subfield code='o'>1</subfield><subfield code='q'>112017</subfield><subfield code='s'>80.46</subfield><subfield code='u'>1qcif</subfield><subfield code='v'>coutt</subfield></datafield><datafield ind1=' ' ind2=' ' tag='961'><subfield code='f'>acqrat</subfield><subfield code='i'>25223693</subfield></datafield><datafield ind1=' ' ind2=' ' tag='979'><subfield code='a'>(OCoLC)835951537</subfield></datafield><datafield ind1=' ' ind2=' ' tag='997'><subfield code='a'>20180115</subfield><subfield code='d'>TEU</subfield><subfield code='c'>COUTTS SR</subfield><subfield code='e'>WCAT</subfield><subfield code='e'>MARCIVE</subfield></datafield><datafield ind1=' ' ind2=' ' tag='ADM'><subfield code='b'>2018-02-10 19:16:51</subfield><subfield code='e'>991036845996703811</subfield><subfield code='d'>MARCIVE</subfield><subfield code='f'>20180205130359.0</subfield><subfield code='a'>2017-11-20 20:19:50</subfield><subfield code='c'>false</subfield></datafield><datafield ind1='0' ind2=' ' tag='HLD'><subfield code='b'>MAIN</subfield><subfield code='c'>stacks</subfield><subfield code='h'>K3611.G46</subfield><subfield code='i'>B557 2013</subfield><subfield code='8'>22402839030003811</subfield></datafield><datafield ind1=' ' ind2=' ' tag='ITM'><subfield code='r'>22402839030003811</subfield><subfield code='b'>1</subfield><subfield code='h'>0</subfield><subfield code='g'>stacks</subfield><subfield code='t'>BOOK</subfield><subfield code='9'>39074026718346</subfield><subfield code='e'>stacks</subfield><subfield code='l'>0</subfield><subfield code='8'>23402839020003811</subfield><subfield code='j'>0</subfield><subfield code='a'>0</subfield><subfield code='q'>2017-11-20 20:20:01</subfield><subfield code='i'>K3611.G46 B557 2013</subfield><subfield code='d'>MAIN</subfield><subfield code='f'>MAIN</subfield></datafield></record>