
<record xmlns='http://www.loc.gov/MARC21/slim'><leader>01189cam a2200361 a 4500</leader><controlfield tag='005'>20100514110705.0</controlfield><controlfield tag='008'>081118s2009    nyua     b    001 0 eng  </controlfield><controlfield tag='001'>991002253669703811</controlfield><datafield ind1=' ' ind2=' ' tag='010'><subfield code='a'>2009927717</subfield></datafield><datafield ind1=' ' ind2=' ' tag='020'><subfield code='a'>9780387927374 (hardback : alk. paper)</subfield></datafield><datafield ind1=' ' ind2=' ' tag='020'><subfield code='a'>0387927379 (hardback : alk. paper)</subfield></datafield><datafield ind1=' ' ind2=' ' tag='035'><subfield code='a'>(PPT)b42982583-01tuli_inst</subfield></datafield><datafield ind1=' ' ind2=' ' tag='035'><subfield code='a'>(OCoLC)288985497</subfield></datafield><datafield ind1=' ' ind2=' ' tag='040'><subfield code='a'>NLM</subfield><subfield code='c'>NLM</subfield><subfield code='d'>UKM</subfield><subfield code='d'>BTCTA</subfield><subfield code='d'>CDX</subfield><subfield code='d'>YDXCP</subfield><subfield code='d'>MTG</subfield><subfield code='d'>MUU</subfield><subfield code='d'>GBVCP</subfield><subfield code='d'>TMY</subfield></datafield><datafield ind1=' ' ind2=' ' tag='049'><subfield code='a'>TMYM</subfield></datafield><datafield ind1=' ' ind2=' ' tag='096'><subfield code='a'>QU 26.5</subfield><subfield code='b'>B6157 2009</subfield></datafield><datafield ind1='0' ind2='0' tag='245'><subfield code='a'>Bioinformatics :</subfield><subfield code='b'>tools and applications /</subfield><subfield code='c'>David Edwards, Jason Stajich, David Hansen, editors.</subfield></datafield><datafield ind1=' ' ind2=' ' tag='260'><subfield code='a'>New York :</subfield><subfield code='b'>Springer,</subfield><subfield code='c'>c2009.</subfield></datafield><datafield ind1=' ' ind2=' ' tag='300'><subfield code='a'>xii, 451 p. :</subfield><subfield code='b'>ill. (some col.) ;</subfield><subfield code='c'>24 cm.</subfield></datafield><datafield ind1=' ' ind2=' ' tag='504'><subfield code='a'>Includes bibliographical references and index.</subfield></datafield><datafield ind1='1' ind2='2' tag='650'><subfield code='a'>Computational Biology</subfield><subfield code='x'>methods.</subfield></datafield><datafield ind1='2' ind2='2' tag='650'><subfield code='a'>Databases, Genetic.</subfield></datafield><datafield ind1='2' ind2='2' tag='650'><subfield code='a'>Medical Informatics.</subfield></datafield><datafield ind1='2' ind2='2' tag='650'><subfield code='a'>Sequence Analysis, DNA.</subfield></datafield><datafield ind1=' ' ind2='0' tag='650'><subfield code='a'>Bioinformatics.</subfield></datafield><datafield ind1='1' ind2=' ' tag='700'><subfield code='a'>Edwards, David,</subfield><subfield code='d'>1967-</subfield></datafield><datafield ind1='1' ind2=' ' tag='700'><subfield code='a'>Stajich, Jason Eric,</subfield><subfield code='d'>1978-</subfield></datafield><datafield ind1='1' ind2=' ' tag='700'><subfield code='a'>Hansen, David.</subfield></datafield><datafield ind1=' ' ind2=' ' tag='907'><subfield code='a'>.b42982583</subfield><subfield code='b'>hk   </subfield><subfield code='c'>-</subfield></datafield><datafield ind1=' ' ind2=' ' tag='902'><subfield code='a'>110414</subfield></datafield><datafield ind1=' ' ind2=' ' tag='998'><subfield code='b'>1</subfield><subfield code='c'>100601</subfield><subfield code='d'>m</subfield><subfield code='e'>a</subfield><subfield code='f'>-</subfield><subfield code='g'>0</subfield></datafield><datafield ind1=' ' ind2=' ' tag='998'><subfield code='b'>1</subfield><subfield code='c'>100601</subfield><subfield code='d'>m</subfield><subfield code='e'>a</subfield><subfield code='f'>-</subfield><subfield code='g'>0</subfield></datafield><datafield ind1=' ' ind2=' ' tag='945'><subfield code='l'>hkbst</subfield><subfield code='g'>1</subfield></datafield><datafield ind1=' ' ind2=' ' tag='ADM'><subfield code='e'>b42982583-01tuli_inst</subfield><subfield code='d'>ILS</subfield><subfield code='a'>2017-06-20 07:52:34</subfield><subfield code='c'>false</subfield></datafield><datafield ind1='2' ind2=' ' tag='HLD'><subfield code='b'>GINSBURG</subfield><subfield code='c'>stacks</subfield><subfield code='h'>QU 26.5</subfield><subfield code='i'>B6157 2009</subfield><subfield code='8'>22273835970003811</subfield></datafield><datafield ind1=' ' ind2=' ' tag='ITM'><subfield code='r'>22273835970003811</subfield><subfield code='b'>1</subfield><subfield code='h'>2</subfield><subfield code='g'>stacks</subfield><subfield code='t'>BOOK</subfield><subfield code='9'>39074501159693</subfield><subfield code='e'>stacks</subfield><subfield code='8'>23273835960003811</subfield><subfield code='a'>0</subfield><subfield code='q'>2017-06-20 07:52:34</subfield><subfield code='i'>QU 26.5 B6157 2009</subfield><subfield code='d'>GINSBURG</subfield><subfield code='f'>GINSBURG</subfield></datafield></record>