
<record xmlns='http://www.loc.gov/MARC21/slim'><leader>02729cam a2200433 a 4500</leader><controlfield tag='005'>20180315162707.0</controlfield><controlfield tag='008'>040518s2005    njua     b    001 0 eng  </controlfield><controlfield tag='001'>991003382269703811</controlfield><datafield ind1=' ' ind2=' ' tag='010'><subfield code='a'>2004011822</subfield></datafield><datafield ind1=' ' ind2=' ' tag='020'><subfield code='a'>0471478784 (cloth)</subfield></datafield><datafield ind1=' ' ind2=' ' tag='035'><subfield code='a'>(PPT)b27816394-01tuli_inst</subfield></datafield><datafield ind1=' ' ind2=' ' tag='035'><subfield code='a'>(CStRLIN)ocn490468521</subfield><subfield code='9'>ExL</subfield></datafield><datafield ind1=' ' ind2=' ' tag='035'><subfield code='a'>PPTb27816394 </subfield></datafield><datafield ind1=' ' ind2=' ' tag='035'><subfield code='a'>ocm55228832</subfield></datafield><datafield ind1=' ' ind2=' ' tag='035'><subfield code='a'>(OCLC)ocm55228832</subfield></datafield><datafield ind1=' ' ind2=' ' tag='040'><subfield code='a'>DNLM/DLC</subfield><subfield code='c'>DLC</subfield><subfield code='d'>DLC</subfield><subfield code='d'>PPT</subfield></datafield><datafield ind1=' ' ind2=' ' tag='042'><subfield code='a'>pcc</subfield></datafield><datafield ind1=' ' ind2=' ' tag='079'><subfield code='a'>ocm55228832</subfield></datafield><datafield ind1=' ' ind2=' ' tag='090'><subfield code='a'>QH324.2</subfield><subfield code='b'>.B547 2005</subfield></datafield><datafield ind1='0' ind2='0' tag='245'><subfield code='a'>Bioinformatics :</subfield><subfield code='b'>a practical guide to the analysis of genes and proteins /</subfield><subfield code='c'>edited by Andreas D. Baxevanis, B.F. Francis Ouellette.</subfield></datafield><datafield ind1=' ' ind2=' ' tag='250'><subfield code='a'>3rd ed.</subfield></datafield><datafield ind1=' ' ind2=' ' tag='260'><subfield code='a'>Hoboken, N.J. :</subfield><subfield code='b'>Wiley,</subfield><subfield code='c'>c2005.</subfield></datafield><datafield ind1=' ' ind2=' ' tag='300'><subfield code='a'>xviii, 540 p. :</subfield><subfield code='b'>ill. (some col.) ;</subfield><subfield code='c'>29 cm.</subfield></datafield><datafield ind1=' ' ind2=' ' tag='504'><subfield code='a'>Includes bibliographical references and index.</subfield></datafield><datafield ind1='0' ind2=' ' tag='505'><subfield code='a'>Sequence databases / Rolf Apweiler -- Mapping databases / Tara Matise and Peter S. White -- Information retrieval from biological databases / Andreas D. Baxevanis -- Genomic databases / Tyra Wolfsberg -- Predictive methods using DNA sequences / Roderic Guigó and Enrique Blanco -- Predictive methods using RNA sequences / Michael Zucker and David Mathews -- Sequence polymorphisms / James C. Mullikin and Stephen T. Sherry -- Predictive methods using protein sequences / Burkhard Rost and Yanay Ofran -- Protein structure prediction and analysis / David Wishart -- Intermolecular interactions and biological pathways / Gary D. Bader and Anton J. Enright -- Assessing pairwise sequence similarity: blast and fasta / Andreas D. Baxevanis -- Creation and analysis of protein multiple sequence alignments / Geoffrey J. Barton -- Sequence assembly and finishing methods / Gerard Bouffard, Nancy F. Hansen, and Pamela Jacques Thomas -- Phylogenetic analysis / Fiona S.L. Brinkman -- Computational approaches in comparative genomics / Andreas D. Baxevanis -- Microarray analysis / John Quackenbush -- Proteomics and protein identification / Michael Giddings, Mark R. Holmes, and Kevin Ramkissoon -- Using perl to facilitate biological analysis / Lincoln D. Stein.</subfield></datafield><datafield ind1=' ' ind2='0' tag='650'><subfield code='a'>Bioinformatics.</subfield></datafield><datafield ind1='1' ind2='2' tag='650'><subfield code='a'>Base Sequence.</subfield></datafield><datafield ind1='1' ind2='2' tag='650'><subfield code='a'>Sequence Analysis</subfield><subfield code='x'>methods.</subfield></datafield><datafield ind1='2' ind2='2' tag='650'><subfield code='a'>Computational Biology</subfield><subfield code='x'>methods.</subfield></datafield><datafield ind1='2' ind2='2' tag='650'><subfield code='a'>Databases, Genetic.</subfield></datafield><datafield ind1='1' ind2=' ' tag='700'><subfield code='a'>Baxevanis, Andreas D.</subfield></datafield><datafield ind1='1' ind2=' ' tag='700'><subfield code='a'>Ouellette, B. F. Francis.</subfield></datafield><datafield ind1='4' ind2='2' tag='856'><subfield code='z'>Access description provided by publisher.</subfield><subfield code='u'>http://www.loc.gov/catdir/description/wiley042/2004011822.html</subfield></datafield><datafield ind1=' ' ind2=' ' tag='907'><subfield code='a'>.b27816394</subfield><subfield code='b'>p    </subfield><subfield code='c'>-</subfield></datafield><datafield ind1=' ' ind2=' ' tag='945'><subfield code='l'>pstk </subfield><subfield code='g'>1</subfield></datafield><datafield ind1=' ' ind2=' ' tag='952'><subfield code='a'>DCLC2004011822B</subfield><subfield code='b'>Library of Congress</subfield></datafield><datafield ind1=' ' ind2=' ' tag='979'><subfield code='a'>ocm55228832</subfield></datafield><datafield ind1=' ' ind2=' ' tag='998'><subfield code='b'>0</subfield><subfield code='c'>050628</subfield><subfield code='d'>m</subfield><subfield code='e'>a</subfield><subfield code='f'>-</subfield><subfield code='g'>0</subfield></datafield><datafield ind1=' ' ind2=' ' tag='998'><subfield code='a'>06/28/05</subfield><subfield code='s'>CIP</subfield><subfield code='c'>AT</subfield></datafield><datafield ind1=' ' ind2=' ' tag='ADM'><subfield code='b'>2018-03-15 20:27:07</subfield><subfield code='e'>b27816394-01tuli_inst</subfield><subfield code='d'>ILS</subfield><subfield code='a'>2017-06-20 12:09:39</subfield><subfield code='c'>false</subfield></datafield><datafield ind1='0' ind2=' ' tag='HLD'><subfield code='b'>MAIN</subfield><subfield code='c'>stacks</subfield><subfield code='h'>QH324.2</subfield><subfield code='i'>.B547 2005</subfield><subfield code='8'>22316238810003811</subfield></datafield><datafield ind1=' ' ind2=' ' tag='ITM'><subfield code='r'>22316238810003811</subfield><subfield code='b'>1</subfield><subfield code='h'>0</subfield><subfield code='g'>stacks</subfield><subfield code='t'>BOOK</subfield><subfield code='9'>39074017196940</subfield><subfield code='e'>stacks</subfield><subfield code='8'>23316238800003811</subfield><subfield code='a'>0</subfield><subfield code='q'>2017-06-20 12:09:39</subfield><subfield code='i'>QH324.2 .B547 2005</subfield><subfield code='d'>MAIN</subfield><subfield code='f'>MAIN</subfield></datafield></record>