
<record xmlns='http://www.loc.gov/MARC21/slim'><leader>01318cam a2200409 a 4500</leader><controlfield tag='005'>20180315194558.0</controlfield><controlfield tag='008'>010208s2001    maua     b    001 0 eng  </controlfield><controlfield tag='001'>991026376439703811</controlfield><datafield ind1=' ' ind2=' ' tag='010'><subfield code='a'>2001030210</subfield></datafield><datafield ind1=' ' ind2=' ' tag='020'><subfield code='a'>026202506X (hc. : alk. paper)</subfield></datafield><datafield ind1=' ' ind2=' ' tag='035'><subfield code='a'>(PPT)b24557973-01tuli_inst</subfield></datafield><datafield ind1=' ' ind2=' ' tag='035'><subfield code='a'>(CStRLIN)ocn487404739</subfield><subfield code='9'>ExL</subfield></datafield><datafield ind1=' ' ind2=' ' tag='035'><subfield code='a'>ocm45951728</subfield></datafield><datafield ind1=' ' ind2=' ' tag='035'><subfield code='a'>(OCLC)ocm45951728</subfield></datafield><datafield ind1=' ' ind2=' ' tag='040'><subfield code='a'>DLC</subfield><subfield code='c'>DLC</subfield><subfield code='d'>DLC</subfield></datafield><datafield ind1=' ' ind2=' ' tag='079'><subfield code='a'>ocm45951728</subfield></datafield><datafield ind1=' ' ind2=' ' tag='090'><subfield code='a'>QH506</subfield><subfield code='b'>.B35 2001</subfield></datafield><datafield ind1='1' ind2=' ' tag='100'><subfield code='a'>Baldi, Pierre.</subfield></datafield><datafield ind1='1' ind2='0' tag='245'><subfield code='a'>Bioinformatics :</subfield><subfield code='b'>the machine learning approach /</subfield><subfield code='c'>Pierre Baldi, Søren Brunak.</subfield></datafield><datafield ind1=' ' ind2=' ' tag='250'><subfield code='a'>2nd ed.</subfield></datafield><datafield ind1=' ' ind2=' ' tag='260'><subfield code='a'>Cambridge, Mass. :</subfield><subfield code='b'>MIT Press,</subfield><subfield code='c'>c2001.</subfield></datafield><datafield ind1=' ' ind2=' ' tag='300'><subfield code='a'>xxi, 452 p. :</subfield><subfield code='b'>ill. ;</subfield><subfield code='c'>24 cm.</subfield></datafield><datafield ind1=' ' ind2='0' tag='440'><subfield code='a'>Adaptive computation and machine learning.</subfield></datafield><datafield ind1=' ' ind2=' ' tag='500'><subfield code='a'>&quot;A Bradford book&quot;</subfield></datafield><datafield ind1=' ' ind2=' ' tag='504'><subfield code='a'>Includes bibliographical references (p. 409-445).</subfield></datafield><datafield ind1=' ' ind2='0' tag='650'><subfield code='a'>Bioinformatics.</subfield></datafield><datafield ind1=' ' ind2='0' tag='650'><subfield code='a'>Molecular biology</subfield><subfield code='x'>Computer simulation.</subfield></datafield><datafield ind1=' ' ind2='0' tag='650'><subfield code='a'>Molecular biology</subfield><subfield code='x'>Mathematical models.</subfield></datafield><datafield ind1=' ' ind2='0' tag='650'><subfield code='a'>Neural networks (Computer science)</subfield></datafield><datafield ind1=' ' ind2='0' tag='650'><subfield code='a'>Machine learning.</subfield></datafield><datafield ind1=' ' ind2='0' tag='650'><subfield code='a'>Markov processes.</subfield></datafield><datafield ind1='1' ind2=' ' tag='700'><subfield code='a'>Brunak, Søren.</subfield></datafield><datafield ind1=' ' ind2=' ' tag='907'><subfield code='a'>.b24557973</subfield><subfield code='b'>p    </subfield><subfield code='c'>-</subfield></datafield><datafield ind1=' ' ind2=' ' tag='945'><subfield code='l'>pstk </subfield><subfield code='g'>1</subfield></datafield><datafield ind1=' ' ind2=' ' tag='979'><subfield code='a'>ocm45951728</subfield></datafield><datafield ind1=' ' ind2=' ' tag='998'><subfield code='b'>1</subfield><subfield code='c'>020308</subfield><subfield code='d'>m</subfield><subfield code='e'>a</subfield><subfield code='f'>-</subfield><subfield code='g'>0</subfield></datafield><datafield ind1=' ' ind2=' ' tag='998'><subfield code='a'>03/08/02</subfield><subfield code='s'>LC</subfield><subfield code='c'>AT</subfield></datafield><datafield ind1=' ' ind2=' ' tag='ADM'><subfield code='b'>2018-03-15 23:45:58</subfield><subfield code='e'>b24557973-01tuli_inst</subfield><subfield code='d'>ILS</subfield><subfield code='a'>2017-06-20 14:39:21</subfield><subfield code='c'>false</subfield></datafield><datafield ind1='0' ind2=' ' tag='HLD'><subfield code='b'>MAIN</subfield><subfield code='c'>stacks</subfield><subfield code='h'>QH506</subfield><subfield code='i'>.B35 2001</subfield><subfield code='8'>22333105310003811</subfield></datafield><datafield ind1=' ' ind2=' ' tag='ITM'><subfield code='r'>22333105310003811</subfield><subfield code='b'>0</subfield><subfield code='u'>LOAN</subfield><subfield code='h'>0</subfield><subfield code='g'>stacks</subfield><subfield code='t'>BOOK</subfield><subfield code='9'>39074014940183</subfield><subfield code='e'>stacks</subfield><subfield code='8'>23333105300003811</subfield><subfield code='a'>0</subfield><subfield code='q'>2017-06-20 14:39:21</subfield><subfield code='i'>QH506 .B35 2001</subfield><subfield code='d'>MAIN</subfield><subfield code='f'>MAIN</subfield></datafield></record>