
<record xmlns='http://www.loc.gov/MARC21/slim'><leader>01387cam a2200457 a 4500</leader><controlfield tag='005'>20170825171620.0</controlfield><controlfield tag='008'>101216s2011    nyuac    b    001 0 eng  </controlfield><controlfield tag='001'>991008355349703811</controlfield><datafield ind1=' ' ind2=' ' tag='020'><subfield code='a'>9781441977700 (alk. paper)</subfield></datafield><datafield ind1=' ' ind2=' ' tag='020'><subfield code='a'>1441977708 (alk. paper)</subfield></datafield><datafield ind1=' ' ind2=' ' tag='020'><subfield code='a'>9781441977717 (e-ISBN)</subfield></datafield><datafield ind1=' ' ind2=' ' tag='020'><subfield code='a'>1441977716 (e-ISBN)</subfield></datafield><datafield ind1=' ' ind2=' ' tag='035'><subfield code='a'>(PPT)b45709312-01tuli_inst</subfield></datafield><datafield ind1=' ' ind2=' ' tag='035'><subfield code='a'>(OCoLC)ocn732875431</subfield><subfield code='9'>ExL</subfield></datafield><datafield ind1=' ' ind2=' ' tag='035'><subfield code='a'>(OCoLC)693533218</subfield></datafield><datafield ind1=' ' ind2=' ' tag='035'><subfield code='a'>ocn693533218</subfield></datafield><datafield ind1=' ' ind2=' ' tag='035'><subfield code='a'>(OCLC)ocn693533218</subfield></datafield><datafield ind1=' ' ind2=' ' tag='040'><subfield code='a'>NLM</subfield><subfield code='c'>NLM</subfield><subfield code='d'>YDXCP</subfield><subfield code='d'>YAM</subfield><subfield code='d'>CDX</subfield><subfield code='d'>WAU</subfield></datafield><datafield ind1=' ' ind2=' ' tag='042'><subfield code='a'>nlmcopyc</subfield></datafield><datafield ind1=' ' ind2=' ' tag='079'><subfield code='a'>ocn693533218</subfield></datafield><datafield ind1=' ' ind2=' ' tag='090'><subfield code='a'>QH324.2</subfield><subfield code='b'>.F67 2011</subfield></datafield><datafield ind1='1' ind2=' ' tag='100'><subfield code='a'>Forsdyke, Donald R.</subfield></datafield><datafield ind1='1' ind2='0' tag='245'><subfield code='a'>Evolutionary bioinformatics /</subfield><subfield code='c'>Donald R. Forsdyke.</subfield></datafield><datafield ind1=' ' ind2=' ' tag='250'><subfield code='a'>2nd ed.</subfield></datafield><datafield ind1=' ' ind2=' ' tag='260'><subfield code='a'>New York :</subfield><subfield code='b'>Springer,</subfield><subfield code='c'>c2011.</subfield></datafield><datafield ind1=' ' ind2=' ' tag='300'><subfield code='a'>xxii, 509 p. :</subfield><subfield code='b'>ill. (some col.), port. ;</subfield><subfield code='c'>24 cm.</subfield></datafield><datafield ind1=' ' ind2=' ' tag='504'><subfield code='a'>Includes bibliographical references (p. [429]-471) and index.</subfield></datafield><datafield ind1='1' ind2='2' tag='650'><subfield code='a'>Computational Biology.</subfield></datafield><datafield ind1='1' ind2='2' tag='650'><subfield code='a'>Evolution, Molecular.</subfield></datafield><datafield ind1='2' ind2='2' tag='650'><subfield code='a'>Genetic Speciation.</subfield></datafield><datafield ind1='2' ind2='2' tag='650'><subfield code='a'>Genome.</subfield></datafield><datafield ind1='2' ind2='2' tag='650'><subfield code='a'>Selection, Genetic.</subfield></datafield><datafield ind1=' ' ind2='0' tag='650'><subfield code='a'>Bioinformatics.</subfield></datafield><datafield ind1=' ' ind2='0' tag='650'><subfield code='a'>Evolutionary genetics.</subfield></datafield><datafield ind1=' ' ind2='0' tag='650'><subfield code='a'>Genomes.</subfield></datafield><datafield ind1=' ' ind2=' ' tag='902'><subfield code='a'>150920</subfield></datafield><datafield ind1=' ' ind2=' ' tag='907'><subfield code='a'>.b45709312</subfield><subfield code='b'>p    </subfield><subfield code='c'>-</subfield></datafield><datafield ind1=' ' ind2=' ' tag='945'><subfield code='l'>pstk </subfield><subfield code='g'>1</subfield></datafield><datafield ind1=' ' ind2=' ' tag='979'><subfield code='a'>ocn693533218</subfield></datafield><datafield ind1=' ' ind2=' ' tag='998'><subfield code='b'>1</subfield><subfield code='c'>110603</subfield><subfield code='d'>m</subfield><subfield code='e'>a</subfield><subfield code='f'>-</subfield><subfield code='g'>0</subfield></datafield><datafield ind1=' ' ind2=' ' tag='998'><subfield code='a'>06/03/11</subfield><subfield code='s'>OCLC</subfield><subfield code='c'>AT</subfield></datafield><datafield ind1='0' ind2=' ' tag='HLD'><subfield code='b'>MAIN</subfield><subfield code='c'>stacks</subfield><subfield code='h'>QH324.2</subfield><subfield code='i'>.F67 2011</subfield><subfield code='8'>22298993640003811</subfield></datafield><datafield ind1=' ' ind2=' ' tag='ITM'><subfield code='b'>1</subfield><subfield code='h'>0</subfield><subfield code='g'>stacks</subfield><subfield code='9'>39074026007377</subfield><subfield code='e'>stacks</subfield><subfield code='8'>23298993610003811</subfield><subfield code='a'>0</subfield><subfield code='q'>2017-06-20 09:59:56</subfield><subfield code='i'>QH324.2 .F67 2011</subfield><subfield code='d'>MAIN</subfield><subfield code='r'>2018-05-03 22:21:21</subfield><subfield code='f'>MAIN</subfield></datafield></record>