
<record xmlns='http://www.loc.gov/MARC21/slim'><leader>01594cam a2200493 a 4500</leader><controlfield tag='005'>20170826032205.0</controlfield><controlfield tag='008'>060703s2006    nyuac    b    001 0 eng  </controlfield><controlfield tag='001'>991023687329703811</controlfield><datafield ind1=' ' ind2=' ' tag='010'><subfield code='a'>2006923099</subfield></datafield><datafield ind1=' ' ind2=' ' tag='020'><subfield code='a'>0387334181 (hbk. : alk. paper)</subfield></datafield><datafield ind1=' ' ind2=' ' tag='020'><subfield code='a'>9780387334189 (hbk. : alk. paper)</subfield></datafield><datafield ind1=' ' ind2=' ' tag='020'><subfield code='a'>038733419X (e-ISBN)</subfield></datafield><datafield ind1=' ' ind2=' ' tag='020'><subfield code='a'>9780387334196 (e-ISBN)</subfield></datafield><datafield ind1=' ' ind2=' ' tag='035'><subfield code='a'>(PPT)b32565252-01tuli_inst</subfield></datafield><datafield ind1=' ' ind2=' ' tag='035'><subfield code='a'>(OCoLC)ocn491881233</subfield><subfield code='9'>ExL</subfield></datafield><datafield ind1=' ' ind2=' ' tag='035'><subfield code='a'>(OCoLC)71284657</subfield></datafield><datafield ind1=' ' ind2=' ' tag='035'><subfield code='a'>71284657</subfield></datafield><datafield ind1=' ' ind2=' ' tag='035'><subfield code='a'>ocm71284657</subfield></datafield><datafield ind1=' ' ind2=' ' tag='035'><subfield code='a'>(OCLC)ocm71284657</subfield></datafield><datafield ind1=' ' ind2=' ' tag='040'><subfield code='a'>NLM</subfield><subfield code='c'>NLM</subfield><subfield code='d'>UKM</subfield><subfield code='d'>BAKER</subfield><subfield code='d'>YDXCP</subfield><subfield code='d'>OHX</subfield><subfield code='d'>HKP</subfield><subfield code='d'>IXA</subfield><subfield code='d'>DLC</subfield><subfield code='d'>AGL</subfield><subfield code='d'>DAY</subfield><subfield code='d'>BTCTA</subfield><subfield code='d'>NLGGC</subfield></datafield><datafield ind1=' ' ind2=' ' tag='042'><subfield code='a'>ukblsr</subfield><subfield code='a'>nlmcopyc</subfield></datafield><datafield ind1='0' ind2=' ' tag='070'><subfield code='a'>QH324.2</subfield><subfield code='b'>.F67 2006</subfield></datafield><datafield ind1=' ' ind2=' ' tag='079'><subfield code='a'>ocm71284657</subfield></datafield><datafield ind1=' ' ind2=' ' tag='090'><subfield code='a'>QH324.2</subfield><subfield code='b'>.F67 2006</subfield></datafield><datafield ind1='1' ind2=' ' tag='100'><subfield code='a'>Forsdyke, Donald R.</subfield></datafield><datafield ind1='1' ind2='0' tag='245'><subfield code='a'>Evolutionary bioinformatics /</subfield><subfield code='c'>by Donald R. Forsdyke.</subfield></datafield><datafield ind1=' ' ind2=' ' tag='260'><subfield code='a'>New York :</subfield><subfield code='b'>Springer,</subfield><subfield code='c'>c2006.</subfield></datafield><datafield ind1=' ' ind2=' ' tag='300'><subfield code='a'>xix, 424 p. :</subfield><subfield code='b'>ill., ports. ;</subfield><subfield code='c'>24 cm.</subfield></datafield><datafield ind1=' ' ind2=' ' tag='504'><subfield code='a'>Includes bibliographical references (p. [361]-391) and index.</subfield></datafield><datafield ind1='1' ind2='2' tag='650'><subfield code='a'>Computational Biology.</subfield></datafield><datafield ind1='1' ind2='2' tag='650'><subfield code='a'>Evolution, Molecular.</subfield></datafield><datafield ind1='2' ind2='2' tag='650'><subfield code='a'>Genetic Speciation.</subfield></datafield><datafield ind1='2' ind2='2' tag='650'><subfield code='a'>Genome.</subfield></datafield><datafield ind1='2' ind2='2' tag='650'><subfield code='a'>Selection (Genetics)</subfield></datafield><datafield ind1=' ' ind2='0' tag='650'><subfield code='a'>Bioinformatics.</subfield></datafield><datafield ind1=' ' ind2='0' tag='650'><subfield code='a'>Evolutionary genetics.</subfield></datafield><datafield ind1=' ' ind2='0' tag='650'><subfield code='a'>Genomes.</subfield></datafield><datafield ind1='4' ind2='1' tag='856'><subfield code='z'>Access table of contents</subfield><subfield code='u'>http://www.loc.gov/catdir/toc/fy0705/2006923099.html</subfield></datafield><datafield ind1=' ' ind2=' ' tag='902'><subfield code='a'>110512</subfield></datafield><datafield ind1=' ' ind2=' ' tag='907'><subfield code='a'>.b32565252</subfield><subfield code='b'>p    </subfield><subfield code='c'>-</subfield></datafield><datafield ind1=' ' ind2=' ' tag='945'><subfield code='l'>pstk </subfield><subfield code='g'>1</subfield></datafield><datafield ind1=' ' ind2=' ' tag='979'><subfield code='a'>ocm71284657</subfield></datafield><datafield ind1=' ' ind2=' ' tag='998'><subfield code='b'>0</subfield><subfield code='c'>080117</subfield><subfield code='d'>m</subfield><subfield code='e'>a</subfield><subfield code='f'>-</subfield><subfield code='g'>0</subfield></datafield><datafield ind1=' ' ind2=' ' tag='998'><subfield code='a'>01/17/08</subfield><subfield code='s'>LC</subfield><subfield code='c'>DG </subfield></datafield><datafield ind1=' ' ind2=' ' tag='ADM'><subfield code='b'>2017-08-26 07:22:06</subfield><subfield code='e'>b32565252-01tuli_inst</subfield><subfield code='d'>ILS</subfield><subfield code='a'>2017-06-20 06:07:25</subfield><subfield code='c'>false</subfield></datafield><datafield ind1='0' ind2=' ' tag='HLD'><subfield code='b'>MAIN</subfield><subfield code='c'>stacks</subfield><subfield code='h'>QH324.2</subfield><subfield code='i'>.F67 2006</subfield><subfield code='8'>22241872750003811</subfield></datafield><datafield ind1=' ' ind2=' ' tag='ITM'><subfield code='r'>22241872750003811</subfield><subfield code='b'>1</subfield><subfield code='h'>0</subfield><subfield code='g'>stacks</subfield><subfield code='t'>BOOK</subfield><subfield code='9'>39074023640956</subfield><subfield code='e'>stacks</subfield><subfield code='8'>23241872740003811</subfield><subfield code='a'>0</subfield><subfield code='q'>2017-06-20 06:07:25</subfield><subfield code='i'>QH324.2 .F67 2006</subfield><subfield code='d'>MAIN</subfield><subfield code='f'>MAIN</subfield></datafield></record>