
<record xmlns='http://www.loc.gov/MARC21/slim'><leader>05518cam a2200493Ia 4500</leader><controlfield tag='005'>20180315191648.0</controlfield><controlfield tag='006'>m        d        </controlfield><controlfield tag='007'>cr cn|</controlfield><controlfield tag='008'>070806s2003    caua    ob    001 0 eng d</controlfield><controlfield tag='001'>991021407109703811</controlfield><datafield ind1=' ' ind2=' ' tag='020'><subfield code='a'>9781558608290</subfield></datafield><datafield ind1=' ' ind2=' ' tag='020'><subfield code='a'>155860829X</subfield></datafield><datafield ind1=' ' ind2=' ' tag='035'><subfield code='a'>(PPT)b49875577-01tuli_inst</subfield></datafield><datafield ind1=' ' ind2=' ' tag='035'><subfield code='a'>(OCoLC)162715369</subfield></datafield><datafield ind1=' ' ind2=' ' tag='037'><subfield code='a'>97240:97240</subfield><subfield code='b'>Elsevier Science &amp; Technology</subfield><subfield code='n'>http://www.sciencedirect.com</subfield></datafield><datafield ind1=' ' ind2=' ' tag='040'><subfield code='a'>OPELS</subfield><subfield code='b'>eng</subfield><subfield code='c'>OPELS</subfield><subfield code='d'>OKU</subfield><subfield code='d'>OCLCQ</subfield></datafield><datafield ind1=' ' ind2=' ' tag='049'><subfield code='a'>TEUU</subfield></datafield><datafield ind1=' ' ind2=' ' tag='090'><subfield code='a'>QH324.2</subfield><subfield code='b'>.B55 2003eb</subfield></datafield><datafield ind1='0' ind2='0' tag='245'><subfield code='a'>Bioinformatics</subfield><subfield code='h'>[electronic resource] :</subfield><subfield code='b'>managing scientific data /</subfield><subfield code='c'>edited by Zoé Lacroix and Terence Critchlow.</subfield></datafield><datafield ind1=' ' ind2=' ' tag='260'><subfield code='a'>San Francisco, CA :</subfield><subfield code='b'>Morgan Kaufmann Publishers,</subfield><subfield code='c'>c2003.</subfield></datafield><datafield ind1=' ' ind2=' ' tag='300'><subfield code='a'>1 online resource (xxi, 441 p.) :</subfield><subfield code='b'>ill.</subfield></datafield><datafield ind1='1' ind2=' ' tag='490'><subfield code='a'>The Morgan Kaufmann series in multimedia information and systems</subfield></datafield><datafield ind1=' ' ind2=' ' tag='504'><subfield code='a'>Includes bibliographical references and index.</subfield></datafield><datafield ind1='0' ind2=' ' tag='505'><subfield code='a'>Challenges faced in the integration of biological information / Su Yun Chung and John C. Wooley -- A practitioner&apos;s guide to data management and data integration in bioinformatics / Barbara A. Eckman -- Issues to address while designing a biological information system / Zoé Lacroix -- SRS : an integration platform for databanks and analysis tools in bioinformatics / Thure Etzold, Howard Harris and Simon Beaulah -- The Kleisli query system as a backbone for bioinformatics data integration and analysis / Jing Chen, Su Yun Chung and Limsoon Wong -- Complex query formulation over diverse information sources in TAMBIS / Robert Stevens, Carole Goble, Norman W. Paton, Sean Bechhofer, Gary Ng, Patricia Baker and Andy Brass -- The information integration system K2 / Val Tannen, Susan B. Davidson and Scott Harker -- P/FDM mediator for a bioinformatics database federation / Graham J.L. Kemp and Peter M.D. Gray -- Integration challenges in gene expression data management / Victor M. Markowitz, John Campbell, I-Min A. Chen, Anthony Kosky, Krishna Palaniappan and Thodoros Topaloglou -- DiscoveryLink / Laura M. Haas, Barbara A. Eckman, Prasad Kodali, Eileen T. Lin, Julia E. Rice and Peter M. Schwarz -- A model-based mediator system for scientific data management / Bertram Ludäscher, Amarnath Gupta and Maryann E. Martone -- Compared evaluation of scientific data management systems.</subfield></datafield><datafield ind1=' ' ind2=' ' tag='520'><subfield code='a'>Life science data integration and interoperability is one of the most challenging problems facing bioinformatics today. In the current age of the life sciences, investigators have to interpret many types of information from a variety of sources: lab instruments, public databases, gene expression profiles, raw sequence traces, single nucleotide polymorphisms, chemical screening data, proteomic data, putative metabolic pathway models, and many others. Unfortunately, scientists are not currently able to easily identify and access this information because of the variety of semantics, interfaces, and data formats used by the underlying data sources. Bioinformatics: Managing Scientific Data tackles this challenge head-on by discussing the current approaches and variety of systems available to help bioinformaticians with this increasingly complex issue. The heart of the book lies in the collaboration efforts of eight distinct bioinformatics teams that describe their own unique approaches to data integration and interoperability. Each system receives its own chapter where the lead contributors provide precious insight into the specific problems being addressed by the system, why the particular architecture was chosen, and details on the system&apos;s strengths and weaknesses. In closing, the editors provide important criteria for evaluating these systems that bioinformatics professionals will find valuable. * Provides a clear overview of the state-of-the-art in data integration and interoperability in genomics, highlighting a variety of systems and giving insight into the strengths and weaknesses of their different approaches. * Discusses shared vocabulary, design issues, complexity of use cases, and the difficulties of transferring existing data management approaches to bioinformatics systems, which serves to connect computer and life scientists. * Written by the primary contributors of eight reputable bioinformatics systems in academia and industry including: BioKris, TAMBIS, K2, GeneExpress, P/FDM, MBM, SDSC, SRS, and DiscoveryLink.</subfield></datafield><datafield ind1=' ' ind2=' ' tag='588'><subfield code='a'>Description based on print version record.</subfield></datafield><datafield ind1=' ' ind2=' ' tag='590'><subfield code='a'>Access is available to the Temple Community through use of a networked computer with a Temple IP address.</subfield></datafield><datafield ind1=' ' ind2='0' tag='650'><subfield code='a'>Bioinformatics.</subfield></datafield><datafield ind1='1' ind2='2' tag='650'><subfield code='a'>Computational Biology</subfield><subfield code='x'>methods.</subfield></datafield><datafield ind1='1' ind2='2' tag='650'><subfield code='a'>Information Systems.</subfield></datafield><datafield ind1='1' ind2='2' tag='650'><subfield code='a'>Systems Integration.</subfield></datafield><datafield ind1='2' ind2='2' tag='650'><subfield code='a'>Integrated Advanced Information Management Systems.</subfield></datafield><datafield ind1='1' ind2='7' tag='650'><subfield code='a'>Bio-informatica.</subfield><subfield code='2'>gtt</subfield></datafield><datafield ind1='1' ind2='7' tag='650'><subfield code='a'>Gegevensbeheer.</subfield><subfield code='2'>gtt</subfield></datafield><datafield ind1=' ' ind2='0' tag='655'><subfield code='a'>Electronic books.</subfield></datafield><datafield ind1='1' ind2=' ' tag='700'><subfield code='a'>Lacroix, Zoé.</subfield></datafield><datafield ind1='1' ind2=' ' tag='700'><subfield code='a'>Critchlow, Terence.</subfield></datafield><datafield ind1='2' ind2=' ' tag='710'><subfield code='a'>ScienceDirect (Online service)</subfield></datafield><datafield ind1='0' ind2='8' tag='776'><subfield code='i'>Print version:</subfield><subfield code='t'>Bioinformatics.</subfield><subfield code='d'>San Francisco, CA : Morgan Kaufmann Publishers, c2003</subfield><subfield code='z'>155860829X</subfield><subfield code='z'>9781558608290</subfield><subfield code='w'>(DLC)  2003044603</subfield><subfield code='w'>(OCoLC)51804737</subfield></datafield><datafield ind1=' ' ind2='0' tag='830'><subfield code='a'>Morgan Kaufmann series in multimedia information and systems.</subfield></datafield><datafield ind1='4' ind2='0' tag='856'><subfield code='3'>ScienceDirect</subfield><subfield code='z'>Access full text online.</subfield><subfield code='u'>http://libproxy.temple.edu/login?url=http://www.sciencedirect.com/science/book/9781558608290</subfield></datafield><datafield ind1=' ' ind2=' ' tag='907'><subfield code='a'>.b49875577</subfield><subfield code='b'>w    </subfield><subfield code='c'>-</subfield></datafield><datafield ind1=' ' ind2=' ' tag='945'><subfield code='l'>w    </subfield><subfield code='g'>1</subfield></datafield><datafield ind1=' ' ind2=' ' tag='998'><subfield code='b'>1</subfield><subfield code='c'>110925</subfield><subfield code='d'>m</subfield><subfield code='e'>@</subfield><subfield code='f'>-</subfield><subfield code='g'>0</subfield></datafield><datafield ind1=' ' ind2=' ' tag='ADM'><subfield code='b'>2018-03-15 23:16:48</subfield><subfield code='e'>b49875577-01tuli_inst</subfield><subfield code='d'>ILS</subfield><subfield code='a'>2017-06-20 12:25:43</subfield><subfield code='c'>false</subfield></datafield><datafield ind1=' ' ind2=' ' tag='PRT'><subfield code='a'>53376030300003811</subfield><subfield code='b'>https://sandbox01-na.alma.exlibrisgroup.com/view/uresolver/01TULI_INST/openurl?u.ignore_date_coverage=true&amp;rft.mms_id=991021407109703811</subfield><subfield code='f'>Access full text online.</subfield><subfield code='9'>Available</subfield><subfield code='d'>MAIN</subfield><subfield code='c'>ScienceDirect</subfield><subfield code='8'>53376030300003811</subfield></datafield></record>