
<record xmlns='http://www.loc.gov/MARC21/slim'><leader>03574cam a2200625Ia 4500</leader><controlfield tag='005'>20150320071431.4</controlfield><controlfield tag='006'>m     o  d        </controlfield><controlfield tag='007'>cr cn|||||||||</controlfield><controlfield tag='008'>110103s2011    nyua    ob    001 0 eng d</controlfield><controlfield tag='001'>991026837799703811</controlfield><datafield ind1=' ' ind2=' ' tag='020'><subfield code='a'>9781441977717 (electronic bk.)</subfield></datafield><datafield ind1=' ' ind2=' ' tag='020'><subfield code='a'>1441977716 (electronic bk.)</subfield></datafield><datafield ind1=' ' ind2=' ' tag='020'><subfield code='z'>9781441977700</subfield></datafield><datafield ind1=' ' ind2=' ' tag='020'><subfield code='z'>1441977708</subfield></datafield><datafield ind1=' ' ind2=' ' tag='035'><subfield code='a'>(PPT)b51342170-01tuli_inst</subfield></datafield><datafield ind1=' ' ind2=' ' tag='035'><subfield code='a'>(OCoLC)694733840</subfield><subfield code='z'>(OCoLC)698587947</subfield><subfield code='z'>(OCoLC)743802541</subfield></datafield><datafield ind1=' ' ind2=' ' tag='037'><subfield code='a'>978-1-4419-7770-0</subfield><subfield code='b'>Springer</subfield><subfield code='n'>http://www.springerlink.com</subfield></datafield><datafield ind1=' ' ind2=' ' tag='040'><subfield code='a'>GW5XE</subfield><subfield code='b'>eng</subfield><subfield code='e'>pn</subfield><subfield code='c'>GW5XE</subfield><subfield code='d'>EBLCP</subfield><subfield code='d'>YDXCP</subfield><subfield code='d'>OCLCQ</subfield><subfield code='d'>CDX</subfield><subfield code='d'>MHW</subfield><subfield code='d'>OCLCQ</subfield><subfield code='d'>OCLCF</subfield><subfield code='d'>OCLCQ</subfield><subfield code='d'>E7B</subfield><subfield code='d'>N$T</subfield></datafield><datafield ind1=' ' ind2=' ' tag='049'><subfield code='a'>TEUU</subfield></datafield><datafield ind1=' ' ind2='7' tag='072'><subfield code='a'>SCI</subfield><subfield code='x'>027000</subfield><subfield code='2'>bisacsh</subfield></datafield><datafield ind1=' ' ind2=' ' tag='090'><subfield code='a'>QH324.2</subfield><subfield code='b'>.F67 2011</subfield></datafield><datafield ind1='1' ind2=' ' tag='100'><subfield code='a'>Forsdyke, Donald R.</subfield></datafield><datafield ind1='1' ind2='0' tag='245'><subfield code='a'>Evolutionary bioinformatics</subfield><subfield code='h'>[electronic resource] /</subfield><subfield code='c'>Donald R. Forsdyke.</subfield></datafield><datafield ind1=' ' ind2=' ' tag='250'><subfield code='a'>2nd ed.</subfield></datafield><datafield ind1=' ' ind2=' ' tag='260'><subfield code='a'>New York :</subfield><subfield code='b'>Springer Science+Business Media, LLC,</subfield><subfield code='c'>2011.</subfield></datafield><datafield ind1=' ' ind2=' ' tag='300'><subfield code='a'>1 online resource (xxii, 509 pages) :</subfield><subfield code='b'>illustrations</subfield></datafield><datafield ind1=' ' ind2=' ' tag='336'><subfield code='a'>text</subfield><subfield code='b'>txt</subfield><subfield code='2'>rdacontent</subfield></datafield><datafield ind1=' ' ind2=' ' tag='337'><subfield code='a'>computer</subfield><subfield code='b'>c</subfield><subfield code='2'>rdamedia</subfield></datafield><datafield ind1=' ' ind2=' ' tag='338'><subfield code='a'>online resource</subfield><subfield code='b'>cr</subfield><subfield code='2'>rdacarrier</subfield></datafield><datafield ind1=' ' ind2=' ' tag='504'><subfield code='a'>Includes bibliographical references (pages 429-471) and index.</subfield></datafield><datafield ind1='0' ind2=' ' tag='505'><subfield code='a'>Evolutionary Bioinformatics; Contents; Note on the Second Edition; Abbreviations; Prologue; To Select is Not To Preserve; Part 1 Information and DNA; Chapter 1; Chapter 2; Chapter 3; Part 2 Parity and Non-Parity; Chapter 4; Chapter 5; Chapter 6; Part 3 Variation and Speciation; Chapter 7; Chapter 8; Chapter 9; Chapter 10; Chapter 11; Part 4 Conflict within Genomes; Chapter 12; Chapter 13; Chapter 14; Part 5 Conflict between Genomes; Chapter 15; Chapter 16; Part 6 Sex and Error-Correction; Chapter 17; Chapter 18; Part 7 Information and Mind; Chapter 19; Epilogue; To Preserve is Not To Select.</subfield></datafield><datafield ind1=' ' ind2=' ' tag='520'><subfield code='a'>Books on bioinformatics which began appearing in the mid 80s primarily served gene-hunters, and biologists who wished to construct family trees showing tidy lines of descent. Given the great pharmaceutical industry interest in genes, this trend has continued in most subsequent texts. These deal extensively with the exciting topic of gene discovery and searching databases, but hardly consider genomes as information channels through which multiple forms and levels of information, including genic information, have passed through the generations.</subfield></datafield><datafield ind1='0' ind2=' ' tag='588'><subfield code='a'>Print version record.</subfield></datafield><datafield ind1=' ' ind2=' ' tag='590'><subfield code='a'>Access is available to the Temple Community through use of a networked computer with a Temple IP address.</subfield></datafield><datafield ind1=' ' ind2='0' tag='650'><subfield code='a'>Bioinformatics.</subfield></datafield><datafield ind1=' ' ind2='0' tag='650'><subfield code='a'>Evolutionary genetics.</subfield></datafield><datafield ind1=' ' ind2='0' tag='650'><subfield code='a'>Genomes.</subfield></datafield><datafield ind1=' ' ind2='7' tag='650'><subfield code='a'>Bioinformatics.</subfield><subfield code='2'>fast</subfield><subfield code='0'>(OCoLC)fst00832181</subfield></datafield><datafield ind1=' ' ind2='7' tag='650'><subfield code='a'>Evolutionary genetics.</subfield><subfield code='2'>fast</subfield><subfield code='0'>(OCoLC)fst00917342</subfield></datafield><datafield ind1=' ' ind2='7' tag='650'><subfield code='a'>Genomes.</subfield><subfield code='2'>fast</subfield><subfield code='0'>(OCoLC)fst00940225</subfield></datafield><datafield ind1='1' ind2='2' tag='650'><subfield code='a'>Computational Biology.</subfield></datafield><datafield ind1='1' ind2='2' tag='650'><subfield code='a'>Evolution, Molecular.</subfield></datafield><datafield ind1='2' ind2='2' tag='650'><subfield code='a'>Genetic Speciation.</subfield></datafield><datafield ind1='2' ind2='2' tag='650'><subfield code='a'>Genome.</subfield></datafield><datafield ind1='2' ind2='2' tag='650'><subfield code='a'>Selection, Genetic.</subfield></datafield><datafield ind1=' ' ind2='7' tag='650'><subfield code='a'>SCIENCE</subfield><subfield code='x'>Life Sciences</subfield><subfield code='x'>Evolution.</subfield><subfield code='2'>bisacsh</subfield></datafield><datafield ind1=' ' ind2='4' tag='655'><subfield code='a'>Electronic books.</subfield></datafield><datafield ind1='2' ind2=' ' tag='710'><subfield code='a'>SpringerLink (Online service)</subfield></datafield><datafield ind1='0' ind2='8' tag='776'><subfield code='i'>Print version:</subfield><subfield code='a'>Forsdyke, Donald R.</subfield><subfield code='t'>Evolutionary bioinformatics.</subfield><subfield code='b'>2nd ed.</subfield><subfield code='d'>New York : Springer, c2011</subfield><subfield code='z'>9781441977700</subfield><subfield code='w'>(DLC)  2011287090</subfield><subfield code='w'>(OCoLC)693533218</subfield></datafield><datafield ind1='4' ind2='0' tag='856'><subfield code='z'>Access full text online.</subfield><subfield code='u'>http://libproxy.temple.edu/login?url=http://link.springer.com/10.1007/978-1-4419-7771-7</subfield></datafield><datafield ind1=' ' ind2=' ' tag='907'><subfield code='a'>.b51342170</subfield><subfield code='b'>w    </subfield><subfield code='c'>-</subfield></datafield><datafield ind1=' ' ind2=' ' tag='902'><subfield code='a'>170601</subfield></datafield><datafield ind1=' ' ind2=' ' tag='998'><subfield code='b'>0</subfield><subfield code='c'>120303</subfield><subfield code='d'>m</subfield><subfield code='e'>@</subfield><subfield code='f'>-</subfield><subfield code='g'>0</subfield></datafield><datafield ind1=' ' ind2=' ' tag='902'><subfield code='a'>SpringerLink 2015-09-30</subfield></datafield><datafield ind1=' ' ind2=' ' tag='945'><subfield code='l'>w    </subfield><subfield code='g'>1</subfield></datafield><datafield ind1=' ' ind2=' ' tag='ADM'><subfield code='e'>b51342170-01tuli_inst</subfield><subfield code='d'>ILS</subfield><subfield code='a'>2017-06-20 08:07:13</subfield><subfield code='c'>false</subfield></datafield><datafield ind1=' ' ind2=' ' tag='PRT'><subfield code='a'>53377876290003811</subfield><subfield code='b'>https://sandbox01-na.alma.exlibrisgroup.com/view/uresolver/01TULI_INST/openurl?u.ignore_date_coverage=true&amp;rft.mms_id=991026837799703811</subfield><subfield code='f'>Access full text online.</subfield><subfield code='9'>Available</subfield><subfield code='d'>MAIN</subfield><subfield code='c'>SpringerLink Ebooks</subfield><subfield code='8'>53377876290003811</subfield></datafield></record>