
<record xmlns='http://www.loc.gov/MARC21/slim'><leader>02264cam a2200565Ia 4500</leader><controlfield tag='005'>20150320070633.1</controlfield><controlfield tag='006'>m     o  d        </controlfield><controlfield tag='007'>cr mn|||||||||</controlfield><controlfield tag='008'>100817s2009    nyua    ob    001 0 eng d</controlfield><controlfield tag='001'>991020737789703811</controlfield><datafield ind1=' ' ind2=' ' tag='020'><subfield code='a'>9780387927381 (e-isbn)</subfield></datafield><datafield ind1=' ' ind2=' ' tag='020'><subfield code='a'>0387927387 (e-isbn)</subfield></datafield><datafield ind1=' ' ind2=' ' tag='020'><subfield code='z'>9780387927374</subfield></datafield><datafield ind1=' ' ind2=' ' tag='020'><subfield code='z'>0387927379</subfield></datafield><datafield ind1='5' ind2='2' tag='028'><subfield code='a'>12102105</subfield></datafield><datafield ind1=' ' ind2=' ' tag='035'><subfield code='a'>(PPT)b49734593-01tuli_inst</subfield></datafield><datafield ind1=' ' ind2=' ' tag='035'><subfield code='a'>(OCoLC)656393827</subfield><subfield code='z'>(OCoLC)618618301</subfield><subfield code='z'>(OCoLC)646831767</subfield><subfield code='z'>(OCoLC)767192209</subfield><subfield code='z'>(OCoLC)819381311</subfield></datafield><datafield ind1=' ' ind2=' ' tag='040'><subfield code='a'>GW5XE</subfield><subfield code='b'>eng</subfield><subfield code='e'>pn</subfield><subfield code='c'>GW5XE</subfield><subfield code='d'>COO</subfield><subfield code='d'>CUS</subfield><subfield code='d'>OCLCQ</subfield><subfield code='d'>OSU</subfield><subfield code='d'>OCLCQ</subfield><subfield code='d'>E7B</subfield><subfield code='d'>OCLCQ</subfield><subfield code='d'>NLGGC</subfield><subfield code='d'>OCLCO</subfield><subfield code='d'>OCLCQ</subfield><subfield code='d'>OCLCF</subfield><subfield code='d'>BEDGE</subfield><subfield code='d'>OCLCO</subfield></datafield><datafield ind1=' ' ind2=' ' tag='049'><subfield code='a'>TEUU</subfield></datafield><datafield ind1=' ' ind2=' ' tag='090'><subfield code='a'>QH324.2</subfield><subfield code='b'>.B558 2009</subfield></datafield><datafield ind1='0' ind2='0' tag='245'><subfield code='a'>Bioinformatics</subfield><subfield code='h'>[electronic resource] :</subfield><subfield code='b'>tools and applications /</subfield><subfield code='c'>David Edwards, Jason Stajich, David Hansen, editors.</subfield></datafield><datafield ind1=' ' ind2=' ' tag='260'><subfield code='a'>New York :</subfield><subfield code='b'>Springer,</subfield><subfield code='c'>©2009.</subfield></datafield><datafield ind1=' ' ind2=' ' tag='300'><subfield code='a'>1 online resource (xii, 451 pages) :</subfield><subfield code='b'>illustrations (some color)</subfield></datafield><datafield ind1=' ' ind2=' ' tag='336'><subfield code='a'>text</subfield><subfield code='b'>txt</subfield><subfield code='2'>rdacontent</subfield></datafield><datafield ind1=' ' ind2=' ' tag='337'><subfield code='a'>computer</subfield><subfield code='b'>c</subfield><subfield code='2'>rdamedia</subfield></datafield><datafield ind1=' ' ind2=' ' tag='338'><subfield code='a'>online resource</subfield><subfield code='b'>cr</subfield><subfield code='2'>rdacarrier</subfield></datafield><datafield ind1=' ' ind2=' ' tag='504'><subfield code='a'>Includes bibliographical references and index.</subfield></datafield><datafield ind1=' ' ind2=' ' tag='588'><subfield code='a'>Description based on print version record.</subfield></datafield><datafield ind1=' ' ind2=' ' tag='590'><subfield code='a'>Access is available to the Temple Community through use of a networked computer with a Temple IP address.</subfield></datafield><datafield ind1=' ' ind2='0' tag='650'><subfield code='a'>Bioinformatics.</subfield></datafield><datafield ind1='1' ind2='2' tag='650'><subfield code='a'>Computational Biology</subfield><subfield code='x'>methods.</subfield></datafield><datafield ind1='2' ind2='2' tag='650'><subfield code='a'>Databases, Genetic.</subfield></datafield><datafield ind1='2' ind2='2' tag='650'><subfield code='a'>Medical Informatics.</subfield></datafield><datafield ind1='2' ind2='2' tag='650'><subfield code='a'>Sequence Analysis, DNA.</subfield></datafield><datafield ind1='0' ind2='7' tag='650'><subfield code='a'>Bioinformatik.</subfield><subfield code='2'>swd</subfield></datafield><datafield ind1=' ' ind2='7' tag='650'><subfield code='a'>Bioinformatics.</subfield><subfield code='2'>fast</subfield><subfield code='0'>(OCoLC)fst00832181</subfield></datafield><datafield ind1=' ' ind2='7' tag='650'><subfield code='a'>Sciences de la vie.</subfield><subfield code='2'>eclas</subfield></datafield><datafield ind1=' ' ind2='7' tag='650'><subfield code='a'>Biomédecine.</subfield><subfield code='2'>eclas</subfield></datafield><datafield ind1=' ' ind2='4' tag='655'><subfield code='a'>Electronic books.</subfield></datafield><datafield ind1='1' ind2=' ' tag='700'><subfield code='a'>Edwards, David,</subfield><subfield code='d'>1967-</subfield></datafield><datafield ind1='1' ind2=' ' tag='700'><subfield code='a'>Stajich, Jason Eric,</subfield><subfield code='d'>1978-</subfield></datafield><datafield ind1='1' ind2=' ' tag='700'><subfield code='a'>Hansen, David.</subfield></datafield><datafield ind1='2' ind2=' ' tag='710'><subfield code='a'>SpringerLink (Online service)</subfield></datafield><datafield ind1='0' ind2='8' tag='776'><subfield code='i'>Print version:</subfield><subfield code='t'>Bioinformatics.</subfield><subfield code='d'>New York : Springer, ©2009</subfield><subfield code='z'>9780387927374</subfield><subfield code='w'>(DLC)  2009927717</subfield><subfield code='w'>(OCoLC)288985497</subfield></datafield><datafield ind1='4' ind2='0' tag='856'><subfield code='z'>Access full text online.</subfield><subfield code='u'>http://libproxy.temple.edu/login?url=http://link.springer.com/10.1007/978-0-387-92738-1</subfield></datafield><datafield ind1=' ' ind2=' ' tag='907'><subfield code='a'>.b49734593</subfield><subfield code='b'>w    </subfield><subfield code='c'>-</subfield></datafield><datafield ind1=' ' ind2=' ' tag='902'><subfield code='a'>170601</subfield></datafield><datafield ind1=' ' ind2=' ' tag='998'><subfield code='b'>0</subfield><subfield code='c'>110925</subfield><subfield code='d'>m</subfield><subfield code='e'>@</subfield><subfield code='f'>-</subfield><subfield code='g'>0</subfield></datafield><datafield ind1=' ' ind2=' ' tag='902'><subfield code='a'>SpringerLink 2015-09-30</subfield></datafield><datafield ind1=' ' ind2=' ' tag='945'><subfield code='l'>w    </subfield><subfield code='g'>1</subfield></datafield><datafield ind1=' ' ind2=' ' tag='ADM'><subfield code='e'>b49734593-01tuli_inst</subfield><subfield code='d'>ILS</subfield><subfield code='a'>2017-06-20 12:53:23</subfield><subfield code='c'>false</subfield></datafield><datafield ind1=' ' ind2=' ' tag='PRT'><subfield code='a'>53374560480003811</subfield><subfield code='b'>https://sandbox01-na.alma.exlibrisgroup.com/view/uresolver/01TULI_INST/openurl?u.ignore_date_coverage=true&amp;rft.mms_id=991020737789703811</subfield><subfield code='f'>Access full text online.</subfield><subfield code='9'>Available</subfield><subfield code='d'>MAIN</subfield><subfield code='c'>SpringerLink Ebooks</subfield><subfield code='8'>53374560480003811</subfield></datafield></record>