
<record xmlns='http://www.loc.gov/MARC21/slim'><leader>02018cam a22004574a 4500</leader><controlfield tag='005'>20170825230838.0</controlfield><controlfield tag='008'>050202s2005    mauaf    b    001 0 eng  </controlfield><controlfield tag='001'>991023638389703811</controlfield><datafield ind1=' ' ind2=' ' tag='010'><subfield code='a'>2005042806</subfield></datafield><datafield ind1=' ' ind2=' ' tag='020'><subfield code='a'>0262122804 (alk. paper)</subfield></datafield><datafield ind1=' ' ind2=' ' tag='035'><subfield code='a'>(PPT)b32551599-01tuli_inst</subfield></datafield><datafield ind1=' ' ind2=' ' tag='035'><subfield code='a'>ocn491871190</subfield><subfield code='9'>ExL</subfield></datafield><datafield ind1=' ' ind2=' ' tag='035'><subfield code='a'>PPTb32551599</subfield></datafield><datafield ind1=' ' ind2=' ' tag='035'><subfield code='a'>ocm57579442</subfield></datafield><datafield ind1=' ' ind2=' ' tag='035'><subfield code='a'>(OCLC)ocm57579442</subfield></datafield><datafield ind1=' ' ind2=' ' tag='040'><subfield code='a'>DLC</subfield><subfield code='c'>DLC</subfield><subfield code='d'>YDX</subfield><subfield code='d'>UKM</subfield><subfield code='d'>BAKER</subfield><subfield code='d'>CLU</subfield><subfield code='d'>NLM</subfield><subfield code='d'>IXA</subfield><subfield code='d'>XMA</subfield><subfield code='d'>AGL</subfield><subfield code='d'>DLC</subfield></datafield><datafield ind1=' ' ind2=' ' tag='042'><subfield code='a'>pcc</subfield></datafield><datafield ind1=' ' ind2=' ' tag='079'><subfield code='a'>ocm57579442</subfield></datafield><datafield ind1=' ' ind2=' ' tag='090'><subfield code='a'>QR182.2.I46</subfield><subfield code='b'>I465 2005</subfield></datafield><datafield ind1='0' ind2='0' tag='245'><subfield code='a'>Immunological bioinformatics /</subfield><subfield code='c'>Ole Lund .. [et al.].</subfield></datafield><datafield ind1=' ' ind2=' ' tag='260'><subfield code='a'>Cambridge, Mass. :</subfield><subfield code='b'>MIT Press,</subfield><subfield code='c'>c2005.</subfield></datafield><datafield ind1=' ' ind2=' ' tag='300'><subfield code='a'>xii, 296 p., [24] p. of plates :</subfield><subfield code='b'>ill. (some col.) ;</subfield><subfield code='c'>24 cm.</subfield></datafield><datafield ind1=' ' ind2='0' tag='440'><subfield code='a'>Computational molecular biology.</subfield></datafield><datafield ind1=' ' ind2=' ' tag='504'><subfield code='a'>Includes bibliographical references (p. 255-290) and index.</subfield></datafield><datafield ind1='0' ind2=' ' tag='505'><subfield code='a'>Immune systems and systems biology -- Contemporary challenges to the immune system -- Sequence analysis in immunology -- Methods applied in immunological bioinformatics -- DNA microarrays in immunology -- Prediction of cytotoxic T cell (MHC class I) epitopes -- Antigen processing in the MHC class I pathway -- Prediction of helper T cell (MHC class II) epitopes -- Processing of MHC class II epitopes -- B cell epitopes -- Vaccine design -- Web-based tools for vaccine design -- MHC polymorphism -- Predicting immunogenicity : an integrative approach</subfield></datafield><datafield ind1=' ' ind2='0' tag='650'><subfield code='a'>Immunoinformatics.</subfield></datafield><datafield ind1=' ' ind2='0' tag='650'><subfield code='a'>Molecular biology</subfield><subfield code='x'>Computer simulation.</subfield></datafield><datafield ind1=' ' ind2='0' tag='650'><subfield code='a'>Immunology</subfield><subfield code='x'>Mathematical models.</subfield></datafield><datafield ind1=' ' ind2='0' tag='650'><subfield code='a'>Neural networks (Computer science)</subfield></datafield><datafield ind1=' ' ind2='0' tag='650'><subfield code='a'>Machine learning.</subfield></datafield><datafield ind1=' ' ind2='0' tag='650'><subfield code='a'>Bioinformatics.</subfield></datafield><datafield ind1='1' ind2='2' tag='650'><subfield code='a'>Computational Biology</subfield><subfield code='x'>methods.</subfield></datafield><datafield ind1='1' ind2='2' tag='650'><subfield code='a'>Immune System.</subfield></datafield><datafield ind1='2' ind2='2' tag='650'><subfield code='a'>Neural Networks (Computer)</subfield></datafield><datafield ind1='1' ind2=' ' tag='700'><subfield code='a'>Lund, Ole.</subfield></datafield><datafield ind1=' ' ind2=' ' tag='902'><subfield code='a'>110512</subfield></datafield><datafield ind1=' ' ind2=' ' tag='907'><subfield code='a'>.b32551599</subfield><subfield code='b'>p    </subfield><subfield code='c'>-</subfield></datafield><datafield ind1=' ' ind2=' ' tag='945'><subfield code='l'>pstk </subfield><subfield code='g'>1</subfield></datafield><datafield ind1=' ' ind2=' ' tag='979'><subfield code='a'>ocm57579442</subfield></datafield><datafield ind1=' ' ind2=' ' tag='998'><subfield code='b'>0</subfield><subfield code='c'>070827</subfield><subfield code='d'>m</subfield><subfield code='e'>a</subfield><subfield code='f'>-</subfield><subfield code='g'>0</subfield></datafield><datafield ind1=' ' ind2=' ' tag='998'><subfield code='a'>08/27/07</subfield><subfield code='s'>LC</subfield><subfield code='c'>AT</subfield></datafield><datafield ind1=' ' ind2=' ' tag='ADM'><subfield code='b'>2017-08-26 03:08:38</subfield><subfield code='e'>b32551599-01tuli_inst</subfield><subfield code='d'>ILS</subfield><subfield code='a'>2017-06-20 11:56:36</subfield><subfield code='c'>false</subfield></datafield><datafield ind1='0' ind2=' ' tag='HLD'><subfield code='b'>MAIN</subfield><subfield code='c'>stacks</subfield><subfield code='h'>QR182.2.I46</subfield><subfield code='i'>I465 2005</subfield><subfield code='8'>22314769690003811</subfield></datafield><datafield ind1=' ' ind2=' ' tag='ITM'><subfield code='r'>22314769690003811</subfield><subfield code='b'>1</subfield><subfield code='h'>0</subfield><subfield code='g'>stacks</subfield><subfield code='t'>BOOK</subfield><subfield code='9'>39074022854863</subfield><subfield code='e'>stacks</subfield><subfield code='8'>23314769670003811</subfield><subfield code='a'>0</subfield><subfield code='q'>2017-06-20 11:56:36</subfield><subfield code='i'>QR182.2.I46 I465 2005</subfield><subfield code='d'>MAIN</subfield><subfield code='f'>MAIN</subfield></datafield></record>