
<record xmlns='http://www.loc.gov/MARC21/slim'><leader>03728cam a2200601Ia 4500</leader><controlfield tag='005'>20180315214130.0</controlfield><controlfield tag='006'>m     o  d        </controlfield><controlfield tag='007'>cr cnu---unuuu</controlfield><controlfield tag='008'>071109s2003    caua    ob    001 0 eng d</controlfield><controlfield tag='001'>991032922219703811</controlfield><datafield ind1=' ' ind2=' ' tag='020'><subfield code='a'>9780080527987 (electronic bk.)</subfield></datafield><datafield ind1=' ' ind2=' ' tag='020'><subfield code='a'>0080527981 (electronic bk.)</subfield></datafield><datafield ind1=' ' ind2=' ' tag='020'><subfield code='a'>9781558608290</subfield></datafield><datafield ind1=' ' ind2=' ' tag='020'><subfield code='a'>155860829X (Trade Cloth)</subfield></datafield><datafield ind1=' ' ind2=' ' tag='035'><subfield code='a'>(PPT)b53922086-01tuli_inst</subfield></datafield><datafield ind1=' ' ind2=' ' tag='035'><subfield code='a'>(OCoLC)181010044</subfield><subfield code='z'>(OCoLC)162715369</subfield><subfield code='z'>(OCoLC)506894698</subfield><subfield code='z'>(OCoLC)647697074</subfield><subfield code='z'>(OCoLC)824882241</subfield></datafield><datafield ind1=' ' ind2=' ' tag='037'><subfield code='b'>00991439</subfield></datafield><datafield ind1=' ' ind2=' ' tag='040'><subfield code='a'>N$T</subfield><subfield code='b'>eng</subfield><subfield code='c'>N$T</subfield><subfield code='d'>YDXCP</subfield><subfield code='d'>CDX</subfield><subfield code='d'>OCLCQ</subfield><subfield code='d'>IDEBK</subfield><subfield code='d'>ZCU</subfield><subfield code='d'>E7B</subfield><subfield code='d'>OCLCQ</subfield><subfield code='d'>MERUC</subfield><subfield code='d'>OCLCQ</subfield><subfield code='d'>OPELS</subfield><subfield code='d'>OKU</subfield><subfield code='d'>OCLCO</subfield><subfield code='d'>UMI</subfield></datafield><datafield ind1=' ' ind2=' ' tag='049'><subfield code='a'>TEUU</subfield></datafield><datafield ind1=' ' ind2='7' tag='072'><subfield code='a'>NAT</subfield><subfield code='x'>027000</subfield><subfield code='2'>bisacsh</subfield></datafield><datafield ind1=' ' ind2='7' tag='072'><subfield code='a'>SCI</subfield><subfield code='x'>086000</subfield><subfield code='2'>bisacsh</subfield></datafield><datafield ind1=' ' ind2='7' tag='072'><subfield code='a'>SCI</subfield><subfield code='x'>008000</subfield><subfield code='2'>bisacsh</subfield></datafield><datafield ind1=' ' ind2=' ' tag='090'><subfield code='a'>QH324.2</subfield><subfield code='b'>.B55 2003eb</subfield></datafield><datafield ind1='0' ind2='0' tag='245'><subfield code='a'>Bioinformatics</subfield><subfield code='h'>[electronic resource] :</subfield><subfield code='b'>managing scientific data /</subfield><subfield code='c'>edited by Zoé Lacroix and Terence Critchlow.</subfield></datafield><datafield ind1=' ' ind2=' ' tag='260'><subfield code='a'>San Francisco, CA :</subfield><subfield code='b'>Morgan Kaufmann Publishers,</subfield><subfield code='c'>c2003.</subfield></datafield><datafield ind1=' ' ind2=' ' tag='300'><subfield code='a'>1 online resource (xxi, 441 p.) :</subfield><subfield code='b'>ill.</subfield></datafield><datafield ind1='1' ind2=' ' tag='490'><subfield code='a'>The Morgan Kaufmann series in multimedia information and systems</subfield></datafield><datafield ind1=' ' ind2=' ' tag='504'><subfield code='a'>Includes bibliographical references and index.</subfield></datafield><datafield ind1=' ' ind2=' ' tag='588'><subfield code='a'>Description based on print version record.</subfield></datafield><datafield ind1='0' ind2=' ' tag='505'><subfield code='a'>Front Cover; Bioinformatics: Managing Scientific Data; Copyright Page; Contents; Preface; Chapter 1. Introduction; Chapter 2. Challenges Faced in the Integration of Biological Information; Chapter 3. A Practitioner&apos;s Guide to Data Management and Data Integration in Bioinformatics; Chapter 4. Issues to Address While Designing a Biological Information System; Chapter 5. SRS: An Integration Platform for Databanks and Analysis Tools in Bioinformatics; Chapter 6. The Kleisli Query System as a Backbone for Bioinformatics Data Integration and Analysis</subfield></datafield><datafield ind1=' ' ind2=' ' tag='520'><subfield code='a'>Life science data integration and interoperability is one of the most challenging problems facing bioinformatics today. In the current age of the life sciences, investigators have to interpret many types of information from a variety of sources: lab instruments, public databases, gene expression profiles, raw sequence traces, single nucleotide polymorphisms, chemical screening data, proteomic data, putative metabolic pathway models, and many others. Unfortunately, scientists are not currently able to easily identify and access this information because of the variety of semantics, interfaces, a.</subfield></datafield><datafield ind1=' ' ind2=' ' tag='590'><subfield code='a'>Access is available to the Temple Community through use of a networked computer with a Temple IP address.</subfield></datafield><datafield ind1=' ' ind2='0' tag='650'><subfield code='a'>Bioinformatics.</subfield></datafield><datafield ind1='1' ind2='2' tag='650'><subfield code='a'>Computational Biology</subfield><subfield code='x'>methods.</subfield></datafield><datafield ind1='1' ind2='2' tag='650'><subfield code='a'>Information Systems.</subfield></datafield><datafield ind1='1' ind2='2' tag='650'><subfield code='a'>Systems Integration.</subfield></datafield><datafield ind1='2' ind2='2' tag='650'><subfield code='a'>Integrated Advanced Information Management Systems.</subfield></datafield><datafield ind1=' ' ind2='7' tag='650'><subfield code='a'>NATURE</subfield><subfield code='x'>Reference.</subfield><subfield code='2'>bisacsh</subfield></datafield><datafield ind1=' ' ind2='7' tag='650'><subfield code='a'>SCIENCE</subfield><subfield code='x'>Life Sciences</subfield><subfield code='x'>General.</subfield><subfield code='2'>bisacsh</subfield></datafield><datafield ind1=' ' ind2='7' tag='650'><subfield code='a'>SCIENCE</subfield><subfield code='x'>Life Sciences</subfield><subfield code='x'>Biology.</subfield><subfield code='2'>bisacsh</subfield></datafield><datafield ind1='1' ind2='7' tag='650'><subfield code='a'>Bio-informatica.</subfield><subfield code='2'>gtt</subfield></datafield><datafield ind1='1' ind2='7' tag='650'><subfield code='a'>Gegevensbeheer.</subfield><subfield code='2'>gtt</subfield></datafield><datafield ind1=' ' ind2='0' tag='655'><subfield code='a'>Electronic books.</subfield></datafield><datafield ind1='1' ind2=' ' tag='700'><subfield code='a'>Lacroix, Zoé.</subfield></datafield><datafield ind1='1' ind2=' ' tag='700'><subfield code='a'>Critchlow, Terence.</subfield></datafield><datafield ind1='2' ind2=' ' tag='710'><subfield code='a'>ScienceDirect (Online service)</subfield></datafield><datafield ind1='0' ind2='8' tag='776'><subfield code='i'>Print version:</subfield><subfield code='t'>Bioinformatics.</subfield><subfield code='d'>San Francisco, CA : Morgan Kaufmann Publishers, c2003</subfield><subfield code='z'>155860829X</subfield><subfield code='z'>9781558608290</subfield><subfield code='w'>(DLC)  2003044603</subfield><subfield code='w'>(OCoLC)51804737</subfield></datafield><datafield ind1=' ' ind2='0' tag='830'><subfield code='a'>Morgan Kaufmann series in multimedia information and systems.</subfield></datafield><datafield ind1='4' ind2='0' tag='856'><subfield code='3'>ScienceDirect</subfield><subfield code='z'>Access full text online.</subfield><subfield code='u'>http://libproxy.temple.edu/login?url=http://www.sciencedirect.com/science/book/9781558608290</subfield></datafield><datafield ind1=' ' ind2=' ' tag='902'><subfield code='a'>Elsevier/ScienceDirect 2013-04-15</subfield></datafield><datafield ind1=' ' ind2=' ' tag='907'><subfield code='a'>.b53922086</subfield><subfield code='b'>w    </subfield><subfield code='c'>-</subfield></datafield><datafield ind1=' ' ind2=' ' tag='945'><subfield code='l'>w    </subfield><subfield code='g'>1</subfield></datafield><datafield ind1=' ' ind2=' ' tag='998'><subfield code='b'>1</subfield><subfield code='c'>130413</subfield><subfield code='d'>m</subfield><subfield code='e'>@</subfield><subfield code='f'>-</subfield><subfield code='g'>0</subfield></datafield><datafield ind1=' ' ind2=' ' tag='ADM'><subfield code='b'>2018-03-16 01:41:30</subfield><subfield code='e'>b53922086-01tuli_inst</subfield><subfield code='d'>ILS</subfield><subfield code='a'>2017-06-20 08:08:04</subfield><subfield code='c'>false</subfield></datafield><datafield ind1=' ' ind2=' ' tag='PRT'><subfield code='a'>53380747920003811</subfield><subfield code='b'>https://sandbox01-na.alma.exlibrisgroup.com/view/uresolver/01TULI_INST/openurl?u.ignore_date_coverage=true&amp;rft.mms_id=991032922219703811</subfield><subfield code='f'>Access full text online.</subfield><subfield code='9'>Available</subfield><subfield code='d'>MAIN</subfield><subfield code='c'>ScienceDirect</subfield><subfield code='8'>53380747920003811</subfield></datafield></record>