
<record xmlns='http://www.loc.gov/MARC21/slim'><leader>04564cam a2200673Ia 4500</leader><controlfield tag='005'>20160507125549.7</controlfield><controlfield tag='006'>m     o  d        </controlfield><controlfield tag='007'>cr cn|||||||||</controlfield><controlfield tag='008'>100721s2006    nyuac   ob    001 0 eng d</controlfield><controlfield tag='001'>991020210389703811</controlfield><datafield ind1=' ' ind2=' ' tag='020'><subfield code='a'>9780387334196</subfield><subfield code='q'>electronic bk.</subfield></datafield><datafield ind1=' ' ind2=' ' tag='020'><subfield code='a'>038733419X</subfield><subfield code='q'>electronic bk.</subfield></datafield><datafield ind1=' ' ind2=' ' tag='020'><subfield code='z'>1283437449</subfield></datafield><datafield ind1=' ' ind2=' ' tag='020'><subfield code='z'>9781283437448</subfield></datafield><datafield ind1=' ' ind2=' ' tag='020'><subfield code='z'>9780387334189</subfield><subfield code='q'>(hbk. ;</subfield><subfield code='q'>alk. paper)</subfield></datafield><datafield ind1=' ' ind2=' ' tag='020'><subfield code='z'>0387334181</subfield><subfield code='q'>(hbk. ;</subfield><subfield code='q'>alk. paper)</subfield></datafield><datafield ind1=' ' ind2=' ' tag='035'><subfield code='a'>(PPT)b49626516-01tuli_inst</subfield></datafield><datafield ind1=' ' ind2=' ' tag='035'><subfield code='a'>(OCoLC)649414245</subfield><subfield code='z'>(OCoLC)636067763</subfield><subfield code='z'>(OCoLC)767215985</subfield><subfield code='z'>(OCoLC)776110318</subfield><subfield code='z'>(OCoLC)817057139</subfield><subfield code='z'>(OCoLC)824107139</subfield></datafield><datafield ind1=' ' ind2=' ' tag='037'><subfield code='a'>978-0-387-33418-9</subfield><subfield code='b'>Springer</subfield><subfield code='n'>http://www.springerlink.com</subfield></datafield><datafield ind1=' ' ind2=' ' tag='040'><subfield code='a'>GW5XE</subfield><subfield code='b'>eng</subfield><subfield code='e'>pn</subfield><subfield code='c'>GW5XE</subfield><subfield code='d'>CUS</subfield><subfield code='d'>E7B</subfield><subfield code='d'>OCLCQ</subfield><subfield code='d'>OCLCO</subfield><subfield code='d'>OCLCQ</subfield><subfield code='d'>OCLCF</subfield><subfield code='d'>BEDGE</subfield><subfield code='d'>YDXCP</subfield><subfield code='d'>IDEBK</subfield><subfield code='d'>NUI</subfield><subfield code='d'>OCLCQ</subfield><subfield code='d'>N$T</subfield><subfield code='d'>GW5XE</subfield></datafield><datafield ind1=' ' ind2=' ' tag='049'><subfield code='a'>TEUU</subfield></datafield><datafield ind1=' ' ind2=' ' tag='070'><subfield code='a'>QH324.2</subfield><subfield code='b'>.F67 2006</subfield></datafield><datafield ind1=' ' ind2='7' tag='072'><subfield code='a'>SCI</subfield><subfield code='x'>027000</subfield><subfield code='2'>bisacsh</subfield></datafield><datafield ind1=' ' ind2=' ' tag='090'><subfield code='a'>QH324.2</subfield><subfield code='b'>.F67 2006</subfield></datafield><datafield ind1='1' ind2=' ' tag='100'><subfield code='a'>Forsdyke, Donald R.</subfield></datafield><datafield ind1='1' ind2='0' tag='245'><subfield code='a'>Evolutionary bioinformatics</subfield><subfield code='h'>[electronic resource] /</subfield><subfield code='c'>by Donald R. Forsdyke.</subfield></datafield><datafield ind1=' ' ind2=' ' tag='260'><subfield code='a'>New York :</subfield><subfield code='b'>Springer,</subfield><subfield code='c'>©2006.</subfield></datafield><datafield ind1=' ' ind2=' ' tag='300'><subfield code='a'>1 online resource (xix, 424 pages) :</subfield><subfield code='b'>illustrations, portraits</subfield></datafield><datafield ind1=' ' ind2=' ' tag='336'><subfield code='a'>text</subfield><subfield code='b'>txt</subfield><subfield code='2'>rdacontent</subfield></datafield><datafield ind1=' ' ind2=' ' tag='337'><subfield code='a'>computer</subfield><subfield code='b'>c</subfield><subfield code='2'>rdamedia</subfield></datafield><datafield ind1=' ' ind2=' ' tag='338'><subfield code='a'>online resource</subfield><subfield code='b'>cr</subfield><subfield code='2'>rdacarrier</subfield></datafield><datafield ind1=' ' ind2=' ' tag='504'><subfield code='a'>Includes bibliographical references (pages 361-391) and index.</subfield></datafield><datafield ind1='0' ind2=' ' tag='505'><subfield code='a'>Part 1. Information and DNA: Memory, a phenomenon of arrangement -- Chargaff&apos;s first parity rule -- Information levels and barriers. Part 2. Parity and Non-Parity: Chargaffs second parity rule -- Stems and loops -- Chargaff&apos;s cluster rule. Part 3. Mutaton and speciation: Species survival and arrival -- Chargaff&apos;s GC rule. Part 4. Contact within genomes: Conflict Resolution -- omplexity. Part 5. Conflct between genomes: Self/not-self? -- The crowded Cytosol. Part 6. Sex and Error-correction: -- Rebooting the genome -- The fifth letter.</subfield></datafield><datafield ind1='0' ind2=' ' tag='588'><subfield code='a'>Print version record.</subfield></datafield><datafield ind1=' ' ind2=' ' tag='520'><subfield code='a'>Evolutionary Bioinformatics aims to make the &quot;new&quot; information-based (rather than gene-based) bioinformatics intelligible both to the &quot;bio&quot; people and the &quot;info&quot; people. Books on bioinformatics have traditionally served gene-hunters, and biologists who wish to construct family trees showing tidy lines of descent. While dealing extensively with the exciting topics of gene discovery and database-searching, such books have hardly considered genomes as information channels through which multiple forms and levels of information have passed through the generations. This &quot;new bioinformatics,&quot; contrasts with the &quot;old&quot; gene-based bioinformatics that so preoccupies previous texts. Evolutionary Bioinformatics extends a line of evolutionary thought that leads from the nineteenth century (Darwin, Butler, Romanes, Bateson), through the twentieth (Goldschmidt, White), and into the twenty first (the final works of the late Stephen Jay Gould). Long an area of controversy, diverging views may now be reconciled. The book is unique in emphasising non-genic aspects of bioinformatics, and linking modern evolutionary biology to a history that extends back to the nineteenth century. Forms of information that we are familiar with (mental, textual) are related to forms we are less familiar with (hereditary).</subfield></datafield><datafield ind1=' ' ind2=' ' tag='590'><subfield code='a'>Access is available to the Temple Community through use of a networked computer with a Temple IP address.</subfield></datafield><datafield ind1=' ' ind2='0' tag='650'><subfield code='a'>Bioinformatics.</subfield></datafield><datafield ind1=' ' ind2='0' tag='650'><subfield code='a'>Evolutionary genetics.</subfield></datafield><datafield ind1=' ' ind2='0' tag='650'><subfield code='a'>Genomes.</subfield></datafield><datafield ind1='1' ind2='2' tag='650'><subfield code='a'>Computational Biology.</subfield></datafield><datafield ind1='1' ind2='2' tag='650'><subfield code='a'>Evolution, Molecular.</subfield></datafield><datafield ind1='2' ind2='2' tag='650'><subfield code='a'>Genetic Speciation.</subfield></datafield><datafield ind1='2' ind2='2' tag='650'><subfield code='a'>Genome.</subfield></datafield><datafield ind1='2' ind2='2' tag='650'><subfield code='a'>Selection, Genetic.</subfield></datafield><datafield ind1=' ' ind2='7' tag='650'><subfield code='a'>Biomédecine.</subfield><subfield code='2'>eclas</subfield></datafield><datafield ind1=' ' ind2='7' tag='650'><subfield code='a'>Sciences de la vie.</subfield><subfield code='2'>eclas</subfield></datafield><datafield ind1=' ' ind2='7' tag='650'><subfield code='a'>Bioinformatics.</subfield><subfield code='2'>fast</subfield><subfield code='0'>(OCoLC)fst00832181</subfield></datafield><datafield ind1=' ' ind2='7' tag='650'><subfield code='a'>Evolutionary genetics.</subfield><subfield code='2'>fast</subfield><subfield code='0'>(OCoLC)fst00917342</subfield></datafield><datafield ind1=' ' ind2='7' tag='650'><subfield code='a'>Genomes.</subfield><subfield code='2'>fast</subfield><subfield code='0'>(OCoLC)fst00940225</subfield></datafield><datafield ind1=' ' ind2='7' tag='650'><subfield code='a'>SCIENCE / Life Sciences / Evolution</subfield><subfield code='2'>bisacsh</subfield></datafield><datafield ind1=' ' ind2='4' tag='655'><subfield code='a'>Electronic books.</subfield></datafield><datafield ind1='2' ind2=' ' tag='710'><subfield code='a'>SpringerLink (Online service)</subfield></datafield><datafield ind1='0' ind2='8' tag='776'><subfield code='i'>Print version:</subfield><subfield code='a'>Forsdyke, Donald R.</subfield><subfield code='t'>Evolutionary bioinformatics.</subfield><subfield code='d'>New York : Springer, ©2006</subfield><subfield code='z'>9780387334189</subfield><subfield code='z'>0387334181</subfield><subfield code='w'>(DLC)  2006923099</subfield><subfield code='w'>(OCoLC)71284657</subfield></datafield><datafield ind1='4' ind2='0' tag='856'><subfield code='z'>Access full text online.</subfield><subfield code='u'>http://libproxy.temple.edu/login?url=http://libproxy.temple.edu/login?url=http://link.springer.com/10.1007/978-0-387-33419-6</subfield></datafield><datafield ind1=' ' ind2=' ' tag='907'><subfield code='a'>.b49626516</subfield><subfield code='b'>w    </subfield><subfield code='c'>-</subfield></datafield><datafield ind1=' ' ind2=' ' tag='902'><subfield code='a'>170601</subfield></datafield><datafield ind1=' ' ind2=' ' tag='998'><subfield code='b'>0</subfield><subfield code='c'>110925</subfield><subfield code='d'>m</subfield><subfield code='e'>@</subfield><subfield code='f'>-</subfield><subfield code='g'>0</subfield></datafield><datafield ind1=' ' ind2=' ' tag='902'><subfield code='a'>SpringerLink 2015-09-30</subfield></datafield><datafield ind1=' ' ind2=' ' tag='945'><subfield code='l'>w    </subfield><subfield code='g'>1</subfield></datafield><datafield ind1=' ' ind2=' ' tag='ADM'><subfield code='e'>b49626516-01tuli_inst</subfield><subfield code='d'>ILS</subfield><subfield code='a'>2017-06-20 09:29:43</subfield><subfield code='c'>false</subfield></datafield><datafield ind1=' ' ind2=' ' tag='PRT'><subfield code='a'>53376532480003811</subfield><subfield code='b'>https://sandbox01-na.alma.exlibrisgroup.com/view/uresolver/01TULI_INST/openurl?u.ignore_date_coverage=true&amp;rft.mms_id=991020210389703811</subfield><subfield code='f'>Access full text online.</subfield><subfield code='9'>Available</subfield><subfield code='d'>MAIN</subfield><subfield code='c'>SpringerLink Ebooks</subfield><subfield code='8'>53376532480003811</subfield></datafield></record>