
<record xmlns='http://www.loc.gov/MARC21/slim'><leader>05097cam a22009374a 4500</leader><controlfield tag='005'>20150320070551.8</controlfield><controlfield tag='006'>m     o  d        </controlfield><controlfield tag='007'>cr |n|||||||||</controlfield><controlfield tag='008'>041027s2005    gw a    ob    001 0 eng c</controlfield><controlfield tag='001'>991019922459703811</controlfield><datafield ind1=' ' ind2=' ' tag='020'><subfield code='a'>3540208739 (hbk. : alk. paper)</subfield></datafield><datafield ind1=' ' ind2=' ' tag='020'><subfield code='a'>9783540208730 (hbk. : alk. paper)</subfield></datafield><datafield ind1=' ' ind2=' ' tag='020'><subfield code='a'>354026888X (electronic bk.)</subfield></datafield><datafield ind1=' ' ind2=' ' tag='020'><subfield code='a'>9783540268888 (electronic bk.)</subfield></datafield><datafield ind1=' ' ind2=' ' tag='035'><subfield code='a'>(PPT)b49563427-01tuli_inst</subfield></datafield><datafield ind1=' ' ind2=' ' tag='035'><subfield code='a'>(OCoLC)62889370</subfield><subfield code='z'>(OCoLC)150336058</subfield><subfield code='z'>(OCoLC)209856766</subfield><subfield code='z'>(OCoLC)228378741</subfield><subfield code='z'>(OCoLC)320968778</subfield><subfield code='z'>(OCoLC)401410105</subfield><subfield code='z'>(OCoLC)404742352</subfield><subfield code='z'>(OCoLC)436367971</subfield><subfield code='z'>(OCoLC)613449101</subfield><subfield code='z'>(OCoLC)647584768</subfield><subfield code='z'>(OCoLC)756420355</subfield><subfield code='z'>(OCoLC)787879682</subfield><subfield code='z'>(OCoLC)880014012</subfield></datafield><datafield ind1=' ' ind2=' ' tag='037'><subfield code='a'>978-3-540-20873-0</subfield><subfield code='b'>Springer</subfield><subfield code='n'>http://www.springerlink.com</subfield></datafield><datafield ind1=' ' ind2=' ' tag='040'><subfield code='a'>COO</subfield><subfield code='b'>eng</subfield><subfield code='e'>pn</subfield><subfield code='c'>COO</subfield><subfield code='d'>N$T</subfield><subfield code='d'>YDXCP</subfield><subfield code='d'>W2U</subfield><subfield code='d'>GW5XE</subfield><subfield code='d'>UAB</subfield><subfield code='d'>CNTRU</subfield><subfield code='d'>IDEBK</subfield><subfield code='d'>OCLCQ</subfield><subfield code='d'>MHW</subfield><subfield code='d'>TUU</subfield><subfield code='d'>OCLCQ</subfield><subfield code='d'>YNG</subfield><subfield code='d'>CASUM</subfield><subfield code='d'>MNU</subfield><subfield code='d'>E7B</subfield><subfield code='d'>OCLCO</subfield><subfield code='d'>EBLCP</subfield><subfield code='d'>OCLCQ</subfield><subfield code='d'>GBVCP</subfield><subfield code='d'>A7U</subfield><subfield code='d'>OCLCQ</subfield><subfield code='d'>OCLCF</subfield><subfield code='d'>DEBSZ</subfield><subfield code='d'>BEDGE</subfield><subfield code='d'>OCLCQ</subfield><subfield code='d'>AZU</subfield><subfield code='d'>LEAUB</subfield><subfield code='d'>SLY</subfield></datafield><datafield ind1=' ' ind2=' ' tag='042'><subfield code='a'>pcc</subfield></datafield><datafield ind1=' ' ind2=' ' tag='049'><subfield code='a'>TEUU</subfield></datafield><datafield ind1=' ' ind2=' ' tag='070'><subfield code='a'>QH324.2</subfield><subfield code='b'>.B558 2005</subfield></datafield><datafield ind1=' ' ind2='7' tag='072'><subfield code='a'>QH</subfield><subfield code='2'>lcco</subfield></datafield><datafield ind1=' ' ind2='7' tag='072'><subfield code='a'>NAT</subfield><subfield code='x'>027000</subfield><subfield code='2'>bisacsh</subfield></datafield><datafield ind1=' ' ind2='7' tag='072'><subfield code='a'>SCI</subfield><subfield code='x'>086000</subfield><subfield code='2'>bisacsh</subfield></datafield><datafield ind1=' ' ind2='7' tag='072'><subfield code='a'>SCI</subfield><subfield code='x'>008000</subfield><subfield code='2'>bisacsh</subfield></datafield><datafield ind1=' ' ind2=' ' tag='090'><subfield code='a'>QH324.2</subfield><subfield code='b'>.B556 2005</subfield></datafield><datafield ind1='0' ind2='0' tag='245'><subfield code='a'>Bioinformatics technologies</subfield><subfield code='h'>[electronic resource] /</subfield><subfield code='c'>Yi-Ping Phoebe Chen (ed.).</subfield></datafield><datafield ind1=' ' ind2=' ' tag='260'><subfield code='a'>Berlin ;</subfield><subfield code='a'>New York, N.Y. :</subfield><subfield code='b'>Springer,</subfield><subfield code='c'>©2005.</subfield></datafield><datafield ind1=' ' ind2=' ' tag='300'><subfield code='a'>1 online resource (xv, 396 pages) :</subfield><subfield code='b'>illustrations</subfield></datafield><datafield ind1=' ' ind2=' ' tag='336'><subfield code='a'>text</subfield><subfield code='b'>txt</subfield><subfield code='2'>rdacontent</subfield></datafield><datafield ind1=' ' ind2=' ' tag='337'><subfield code='a'>computer</subfield><subfield code='b'>c</subfield><subfield code='2'>rdamedia</subfield></datafield><datafield ind1=' ' ind2=' ' tag='338'><subfield code='a'>online resource</subfield><subfield code='b'>cr</subfield><subfield code='2'>rdacarrier</subfield></datafield><datafield ind1=' ' ind2=' ' tag='504'><subfield code='a'>Includes bibliographical references and index.</subfield></datafield><datafield ind1='0' ind2=' ' tag='505'><subfield code='a'>Introduction to bioinformatics / Yi-Ping Phoebe Chen -- Overview of structural bioinformatics / Quing Zhang, Stella Veretnik, Philip E. Bourne -- Database warehousing in bioinformatics / Judice LY Koh and Vladimir Brusic -- Database mining for bioinformatics / A.W.-C. Liew, Hong Yan and Mengsu Yang -- Machine learning in bioinformatics / Supawan Prompramote, Yan Chen and Yi-Ping Phoebe Chen -- Systems biotechnology : a new paradigm in biotechnology development / Sang Yup Lee [and others] -- Computational modeling of biological processes with petri net-based architecture / Masao Nagasaki .. [et al.] -- Biological sequence assembly and alignment / WeiShi, Wanlei Zhou and Yi-Ping Phoebe Chen -- Modeling for bioinformatics / Scott Mann and Yi-Ping Phoebe Chen -- Pattern matching for motifs / Brendan Tse, David Hume, Yi-Ping Phoebe Chen -- Visualization and fractal analysis of biological sequences / Zu-Guo, Vo Anhl and Yi-Ping Phoebe Chen -- Microarray data analysis / Alan W.-C. Liew [and others].</subfield></datafield><datafield ind1=' ' ind2=' ' tag='520'><subfield code='a'>In this title, the author presents methodologies and data structures for gathering high-quality approximations of biological information and uses these information technologies as the foundation to develop practical tools for clustering and visualization in biological data mining and database management.</subfield></datafield><datafield ind1='0' ind2=' ' tag='588'><subfield code='a'>Print version record.</subfield></datafield><datafield ind1=' ' ind2=' ' tag='590'><subfield code='a'>Access is available to the Temple Community through use of a networked computer with a Temple IP address.</subfield></datafield><datafield ind1=' ' ind2='0' tag='650'><subfield code='a'>Bioinformatics.</subfield></datafield><datafield ind1=' ' ind2='0' tag='650'><subfield code='a'>Bioinformatics</subfield><subfield code='x'>Methodology.</subfield></datafield><datafield ind1='1' ind2='2' tag='650'><subfield code='a'>Computational Biology.</subfield></datafield><datafield ind1='2' ind2='2' tag='650'><subfield code='a'>Biotechnology</subfield><subfield code='x'>methods.</subfield></datafield><datafield ind1='2' ind2='2' tag='650'><subfield code='a'>Database Management Systems.</subfield></datafield><datafield ind1=' ' ind2='7' tag='650'><subfield code='a'>NATURE</subfield><subfield code='x'>Reference.</subfield><subfield code='2'>bisacsh</subfield></datafield><datafield ind1=' ' ind2='7' tag='650'><subfield code='a'>SCIENCE</subfield><subfield code='x'>Life Sciences</subfield><subfield code='x'>General.</subfield><subfield code='2'>bisacsh</subfield></datafield><datafield ind1=' ' ind2='7' tag='650'><subfield code='a'>SCIENCE</subfield><subfield code='x'>Life Sciences</subfield><subfield code='x'>Biology.</subfield><subfield code='2'>bisacsh</subfield></datafield><datafield ind1=' ' ind2='7' tag='650'><subfield code='a'>Informatique.</subfield><subfield code='2'>eclas</subfield></datafield><datafield ind1=' ' ind2='7' tag='650'><subfield code='a'>Bioinformatics.</subfield><subfield code='2'>fast</subfield><subfield code='0'>(OCoLC)fst00832181</subfield></datafield><datafield ind1=' ' ind2='7' tag='650'><subfield code='a'>Bioinformatics</subfield><subfield code='x'>Methodology.</subfield><subfield code='2'>fast</subfield><subfield code='0'>(OCoLC)fst00832182</subfield></datafield><datafield ind1='1' ind2='7' tag='650'><subfield code='a'>Bio-informatica.</subfield><subfield code='2'>gtt</subfield></datafield><datafield ind1='1' ind2='7' tag='650'><subfield code='a'>Data mining.</subfield><subfield code='2'>gtt</subfield></datafield><datafield ind1='1' ind2='7' tag='650'><subfield code='a'>Dataprocessing.</subfield><subfield code='2'>gtt</subfield></datafield><datafield ind1='1' ind2='7' tag='650'><subfield code='a'>Data-analyse.</subfield><subfield code='2'>gtt</subfield></datafield><datafield ind1='1' ind2='4' tag='650'><subfield code='a'>Computer Science.</subfield></datafield><datafield ind1='2' ind2='4' tag='650'><subfield code='a'>Computer Applications.</subfield></datafield><datafield ind1='2' ind2='4' tag='650'><subfield code='a'>Human Genetics.</subfield></datafield><datafield ind1='2' ind2='4' tag='650'><subfield code='a'>Information Storage and Retrieval.</subfield></datafield><datafield ind1='2' ind2='4' tag='650'><subfield code='a'>Molecular Medicine.</subfield></datafield><datafield ind1='2' ind2='4' tag='650'><subfield code='a'>Pattern Recognition.</subfield></datafield><datafield ind1='0' ind2='7' tag='650'><subfield code='a'>Computer science.</subfield><subfield code='2'>cct</subfield></datafield><datafield ind1='0' ind2='7' tag='650'><subfield code='a'>Human genetics.</subfield><subfield code='2'>cct</subfield></datafield><datafield ind1='0' ind2='7' tag='650'><subfield code='a'>Information storage and retrieval systems.</subfield><subfield code='2'>cct</subfield></datafield><datafield ind1='0' ind2='7' tag='650'><subfield code='a'>Medicine.</subfield><subfield code='2'>cct</subfield></datafield><datafield ind1='0' ind2='7' tag='650'><subfield code='a'>Optical pattern recognition.</subfield><subfield code='2'>cct</subfield></datafield><datafield ind1='0' ind2='7' tag='650'><subfield code='a'>Bioinformatics.</subfield><subfield code='2'>cct</subfield></datafield><datafield ind1='0' ind2='7' tag='650'><subfield code='a'>Computer applications.</subfield><subfield code='2'>cct</subfield></datafield><datafield ind1='0' ind2='7' tag='650'><subfield code='a'>Information Storage and Retrieval.</subfield><subfield code='2'>cct</subfield></datafield><datafield ind1='0' ind2='7' tag='650'><subfield code='a'>Molecular Medicine.</subfield><subfield code='2'>cct</subfield></datafield><datafield ind1='0' ind2='7' tag='650'><subfield code='a'>Pattern recognition.</subfield><subfield code='2'>cct</subfield></datafield><datafield ind1='0' ind2='7' tag='650'><subfield code='a'>Electronic books.</subfield><subfield code='2'>cct</subfield></datafield><datafield ind1=' ' ind2='4' tag='655'><subfield code='a'>Electronic books.</subfield></datafield><datafield ind1=' ' ind2='7' tag='655'><subfield code='a'>Electronic books.</subfield><subfield code='2'>local</subfield></datafield><datafield ind1='1' ind2=' ' tag='700'><subfield code='a'>Chen, Yi-Ping Phoebe.</subfield></datafield><datafield ind1='2' ind2=' ' tag='710'><subfield code='a'>SpringerLink (Online service)</subfield></datafield><datafield ind1='0' ind2=' ' tag='773'><subfield code='t'>Springer e-books</subfield></datafield><datafield ind1='0' ind2='8' tag='776'><subfield code='i'>Print version:</subfield><subfield code='t'>Bioinformatics technologies.</subfield><subfield code='d'>Berlin ; New York : Springer, ©2005</subfield><subfield code='z'>3540208739</subfield><subfield code='w'>(DLC)  2004115713</subfield><subfield code='w'>(OCoLC)59003466</subfield></datafield><datafield ind1='4' ind2='0' tag='856'><subfield code='z'>Access full text online.</subfield><subfield code='u'>http://libproxy.temple.edu/login?url=http://link.springer.com/10.1007/b138246</subfield></datafield><datafield ind1=' ' ind2=' ' tag='907'><subfield code='a'>.b49563427</subfield><subfield code='b'>w    </subfield><subfield code='c'>-</subfield></datafield><datafield ind1=' ' ind2=' ' tag='902'><subfield code='a'>170601</subfield></datafield><datafield ind1=' ' ind2=' ' tag='998'><subfield code='b'>0</subfield><subfield code='c'>110925</subfield><subfield code='d'>m</subfield><subfield code='e'>@</subfield><subfield code='f'>-</subfield><subfield code='g'>0</subfield></datafield><datafield ind1=' ' ind2=' ' tag='902'><subfield code='a'>SpringerLink 2015-09-30</subfield></datafield><datafield ind1=' ' ind2=' ' tag='945'><subfield code='l'>w    </subfield><subfield code='g'>1</subfield></datafield><datafield ind1=' ' ind2=' ' tag='ADM'><subfield code='e'>b49563427-01tuli_inst</subfield><subfield code='d'>ILS</subfield><subfield code='a'>2017-06-20 10:17:02</subfield><subfield code='c'>false</subfield></datafield><datafield ind1=' ' ind2=' ' tag='PRT'><subfield code='a'>53375969410003811</subfield><subfield code='b'>https://sandbox01-na.alma.exlibrisgroup.com/view/uresolver/01TULI_INST/openurl?u.ignore_date_coverage=true&amp;rft.mms_id=991019922459703811</subfield><subfield code='f'>Access full text online.</subfield><subfield code='9'>Available</subfield><subfield code='d'>MAIN</subfield><subfield code='c'>SpringerLink Ebooks</subfield><subfield code='8'>53375969410003811</subfield></datafield></record>