
<record xmlns='http://www.loc.gov/MARC21/slim'><leader>05314cam a2200577Ka 4500</leader><controlfield tag='005'>20180315195737.0</controlfield><controlfield tag='006'>m        d        </controlfield><controlfield tag='007'>cr cnu---unuuu</controlfield><controlfield tag='008'>110510s2010    ne af   ob    001 0 eng d</controlfield><controlfield tag='001'>991028205659703811</controlfield><datafield ind1=' ' ind2=' ' tag='020'><subfield code='a'>9780123884244 (electronic bk.)</subfield></datafield><datafield ind1=' ' ind2=' ' tag='020'><subfield code='a'>0123884241 (electronic bk.)</subfield></datafield><datafield ind1=' ' ind2=' ' tag='020'><subfield code='z'>9788131222973</subfield></datafield><datafield ind1=' ' ind2=' ' tag='020'><subfield code='z'>8131222977</subfield></datafield><datafield ind1=' ' ind2=' ' tag='035'><subfield code='a'>(PPT)b51787970-01tuli_inst</subfield></datafield><datafield ind1=' ' ind2=' ' tag='035'><subfield code='a'>(OCoLC)721900566</subfield><subfield code='z'>(OCoLC)733937273</subfield></datafield><datafield ind1=' ' ind2=' ' tag='037'><subfield code='a'>1097235:10916371</subfield><subfield code='b'>Elsevier Science &amp; Technology</subfield><subfield code='n'>http://www.sciencedirect.com</subfield></datafield><datafield ind1=' ' ind2=' ' tag='040'><subfield code='a'>N$T</subfield><subfield code='b'>eng</subfield><subfield code='c'>N$T</subfield><subfield code='d'>EBLCP</subfield><subfield code='d'>YDXCP</subfield><subfield code='d'>MHW</subfield><subfield code='d'>E7B</subfield><subfield code='d'>OPELS</subfield><subfield code='d'>OCLCQ</subfield><subfield code='d'>REDDC</subfield><subfield code='d'>OCLCQ</subfield></datafield><datafield ind1=' ' ind2=' ' tag='049'><subfield code='a'>TEUU</subfield></datafield><datafield ind1=' ' ind2='7' tag='072'><subfield code='a'>SCI</subfield><subfield code='x'>007000</subfield><subfield code='2'>bisacsh</subfield></datafield><datafield ind1=' ' ind2=' ' tag='090'><subfield code='a'>QP551</subfield><subfield code='b'>.G76 2010eb</subfield></datafield><datafield ind1='1' ind2=' ' tag='100'><subfield code='a'>Gromiha, M. Michael.</subfield></datafield><datafield ind1='1' ind2='0' tag='245'><subfield code='a'>Protein bioinformatics</subfield><subfield code='h'>[electronic resource] :</subfield><subfield code='b'>from sequence to function /</subfield><subfield code='c'>M. Michael Gromiha.</subfield></datafield><datafield ind1=' ' ind2=' ' tag='260'><subfield code='a'>Amsterdam ;</subfield><subfield code='a'>Boston :</subfield><subfield code='b'>Academic Press/Elsevier,</subfield><subfield code='c'>c2010.</subfield></datafield><datafield ind1=' ' ind2=' ' tag='300'><subfield code='a'>1 online resource (xix, 320 p., [8] p. of plates) :</subfield><subfield code='b'>ill. (some col.)</subfield></datafield><datafield ind1=' ' ind2=' ' tag='504'><subfield code='a'>Includes bibliographical references and index.</subfield></datafield><datafield ind1=' ' ind2=' ' tag='520'><subfield code='a'>One of the most pressing tasks in biotechnology today is to unlock the function of each of the thousands of new genes identified every day. Scientists do this by analyzing and interpreting proteins, which are considered the task force of a gene. This single source reference covers all aspects of proteins, explaining fundamentals, synthesizing the latest literature, and demonstrating the most important bioinformatics tools available today for protein analysis, interpretation and prediction. Students and researchers of biotechnology, bioinformatics, proteomics, protein engineering, biophysics, c.</subfield></datafield><datafield ind1='0' ind2=' ' tag='505'><subfield code='a'>1 Proteins 1.1 Building blocks 1.2 Hierarchical representation of proteins 1.3 Structural classification of proteins 1.4 Databases for protein sequences 1.5 Exercises 1.6 References 2. Protein Sequence Analysis 2.1 Sequence alignment 2.2 Programs for aligning protein sequences 2.3 Amino acid properties 2.4 Amphipathic character of a-helices and b-strands 2.5 Online tools for sequence analysis 2.6 Exercises 2.7 References 3 Protein Structure Analysis 3.1 Assignment of secondary structures 3.2 Computation of solvent accessibility 3.3 Representation of solvent accessibility 3.4 Residue-residue contacts 3.5 Amino acid clusters in protein structures 3.6 Contact potentials 3.7 Cation--p interactions in protein structures 3.8 Non canonical interactions 3.9 Free energy calculations 3.10 Amino acid properties derived from protein structural data 3.11 Parameters for proteins 3.12 Exercises 3.13 References 4. Protein Folding Kinetics 4.1 F value analysis 4.2 Experimental studies 4.3 Relationship between amino acid properties and F values 4.4 Hydrophobic clusters and long-range contact network in F value analysis 4.5 Kinetic database for proteins 4.6 Prediction of protein folding rates 4.7 Relationship between F values and folding rates 4.8 References 5. Protein Structure Prediction 5.1 Secondary structure 5.2 Protein structural class 5.3 Secondary structure content 5.4 Discrimination of transmembrane helical proteins and predicting their membrane spanning segments 5.5 Discrimination of transmembrane strand proteins 5.6 Identification of membrane spanning b -strand segments 5.7 Solvent accessibility 5.8 Inter-residue contact prediction 5.9 Protein tertiary structure prediction 5.10 Webservers for protein structure prediction 5.11 Exercises 5.12 References 6 Protein Stability 6.1 Determination of protein stability 6.2 Thermodynamic database for proteins and mutants 6.3 Relative contribution of non-covalent interactions to protein stability 6.4 Stability of thermophilic proteins 6.5 Analysis and Prediction of protein mutant stability 6.6 Exercises 6.7 References 7 Protein Interactions 7.1 Protein-protein interactions 7.2 Protein-DNA interactions 7.3 Protein-RNA interactions 7.4 Protein-ligand interactions 7.5 Exercises 7.6 References Appendix A List of protein databases/webservers.</subfield></datafield><datafield ind1=' ' ind2=' ' tag='588'><subfield code='a'>Description based on print version record.</subfield></datafield><datafield ind1=' ' ind2=' ' tag='590'><subfield code='a'>Access is available to the Temple Community through use of a networked computer with a Temple IP address.</subfield></datafield><datafield ind1=' ' ind2='0' tag='650'><subfield code='a'>Proteins</subfield><subfield code='x'>Structure</subfield><subfield code='x'>Data processing.</subfield></datafield><datafield ind1=' ' ind2='0' tag='650'><subfield code='a'>Proteins</subfield><subfield code='x'>Metabolism</subfield><subfield code='x'>Data processing.</subfield></datafield><datafield ind1=' ' ind2='0' tag='650'><subfield code='a'>Bioinformatics.</subfield></datafield><datafield ind1=' ' ind2='2' tag='650'><subfield code='a'>Sequence Analysis, Protein.</subfield></datafield><datafield ind1=' ' ind2='2' tag='650'><subfield code='a'>Protein Conformation.</subfield></datafield><datafield ind1=' ' ind2='2' tag='650'><subfield code='a'>Computational Biology</subfield><subfield code='x'>methods.</subfield></datafield><datafield ind1=' ' ind2='7' tag='650'><subfield code='a'>SCIENCE</subfield><subfield code='x'>Life Sciences</subfield><subfield code='x'>Biochemistry.</subfield><subfield code='2'>bisacsh</subfield></datafield><datafield ind1='0' ind2='7' tag='650'><subfield code='a'>Biochemie.</subfield><subfield code='2'>swd</subfield></datafield><datafield ind1='0' ind2='7' tag='650'><subfield code='a'>Bioinformatik.</subfield><subfield code='2'>swd</subfield></datafield><datafield ind1='0' ind2='7' tag='650'><subfield code='a'>Protein-Protein-Wechselwirkung.</subfield><subfield code='2'>swd</subfield></datafield><datafield ind1='0' ind2='7' tag='650'><subfield code='a'>Proteine.</subfield><subfield code='2'>swd</subfield></datafield><datafield ind1='0' ind2='7' tag='650'><subfield code='a'>Proteinfaltung.</subfield><subfield code='2'>swd</subfield></datafield><datafield ind1='0' ind2='7' tag='650'><subfield code='a'>Strukturaufklärung.</subfield><subfield code='2'>swd</subfield></datafield><datafield ind1=' ' ind2='0' tag='655'><subfield code='a'>Electronic books.</subfield></datafield><datafield ind1='2' ind2=' ' tag='710'><subfield code='a'>ScienceDirect (Online service)</subfield></datafield><datafield ind1='0' ind2='8' tag='776'><subfield code='i'>Print version:</subfield><subfield code='a'>Gromiha, M. Michael.</subfield><subfield code='t'>Protein bioinformatics.</subfield><subfield code='d'>Amsterdam ; Boston : Academic Press/Elsevier, c2010</subfield><subfield code='z'>9788131222973</subfield><subfield code='w'>(OCoLC)489638028</subfield></datafield><datafield ind1='4' ind2='0' tag='856'><subfield code='3'>ScienceDirect</subfield><subfield code='z'>Access full text online.</subfield><subfield code='u'>http://libproxy.temple.edu/login?url=http://www.sciencedirect.com/science/book/9788131222973</subfield></datafield><datafield ind1=' ' ind2=' ' tag='902'><subfield code='a'>Elsevier/ScienceDirect 2012-05-01</subfield></datafield><datafield ind1=' ' ind2=' ' tag='907'><subfield code='a'>.b51787970</subfield><subfield code='b'>w    </subfield><subfield code='c'>-</subfield></datafield><datafield ind1=' ' ind2=' ' tag='945'><subfield code='l'>w    </subfield><subfield code='g'>1</subfield></datafield><datafield ind1=' ' ind2=' ' tag='998'><subfield code='b'>1</subfield><subfield code='c'>120505</subfield><subfield code='d'>m</subfield><subfield code='e'>@</subfield><subfield code='f'>-</subfield><subfield code='g'>0</subfield></datafield><datafield ind1=' ' ind2=' ' tag='ADM'><subfield code='b'>2018-03-15 23:57:37</subfield><subfield code='e'>b51787970-01tuli_inst</subfield><subfield code='d'>ILS</subfield><subfield code='a'>2017-06-20 13:55:46</subfield><subfield code='c'>false</subfield></datafield><datafield ind1=' ' ind2=' ' tag='PRT'><subfield code='a'>53378246770003811</subfield><subfield code='b'>https://sandbox01-na.alma.exlibrisgroup.com/view/uresolver/01TULI_INST/openurl?u.ignore_date_coverage=true&amp;rft.mms_id=991028205659703811</subfield><subfield code='f'>Access full text online.</subfield><subfield code='9'>Available</subfield><subfield code='d'>MAIN</subfield><subfield code='c'>ScienceDirect</subfield><subfield code='8'>53378246770003811</subfield></datafield></record>