
<record xmlns='http://www.loc.gov/MARC21/slim'><leader>03419nam a2200625Ia 4500</leader><controlfield tag='005'>20180315145715.0</controlfield><controlfield tag='006'>m        d        </controlfield><controlfield tag='007'>cr cn-</controlfield><controlfield tag='008'>030508s2001    maua    sb    001 0 eng d</controlfield><controlfield tag='001'>991021384749703811</controlfield><datafield ind1=' ' ind2=' ' tag='020'><subfield code='a'>0585444668 (electronic bk.)</subfield></datafield><datafield ind1=' ' ind2=' ' tag='035'><subfield code='a'>(PPT)b32092258-01tuli_inst</subfield></datafield><datafield ind1=' ' ind2=' ' tag='035'><subfield code='a'>(OCoLC)ocm52205488 </subfield><subfield code='9'>ExL</subfield></datafield><datafield ind1=' ' ind2=' ' tag='040'><subfield code='a'>N$T</subfield><subfield code='c'>N$T</subfield></datafield><datafield ind1=' ' ind2=' ' tag='049'><subfield code='a'>GCLA</subfield></datafield><datafield ind1=' ' ind2=' ' tag='090'><subfield code='a'>QH506</subfield><subfield code='b'>.B35 2001eb</subfield></datafield><datafield ind1='1' ind2=' ' tag='100'><subfield code='a'>Baldi, Pierre.</subfield></datafield><datafield ind1='1' ind2='0' tag='245'><subfield code='a'>Bioinformatics</subfield><subfield code='h'>[electronic resource] :</subfield><subfield code='b'>the machine learning approach /</subfield><subfield code='c'>Pierre Baldi, Søren Brunak.</subfield></datafield><datafield ind1=' ' ind2=' ' tag='250'><subfield code='a'>2nd ed.</subfield></datafield><datafield ind1=' ' ind2=' ' tag='260'><subfield code='a'>Cambridge, Mass. :</subfield><subfield code='b'>MIT Press,</subfield><subfield code='c'>c2001.</subfield></datafield><datafield ind1=' ' ind2=' ' tag='300'><subfield code='a'>xxi, 452 p. :</subfield><subfield code='b'>ill. ;</subfield><subfield code='c'>24 cm.</subfield></datafield><datafield ind1=' ' ind2='0' tag='440'><subfield code='a'>Adaptive computation and machine learning</subfield></datafield><datafield ind1=' ' ind2=' ' tag='500'><subfield code='a'>&quot;A Bradford book.&quot;</subfield></datafield><datafield ind1=' ' ind2=' ' tag='504'><subfield code='a'>Includes bibliographical references (p. 409-445).</subfield></datafield><datafield ind1='0' ind2=' ' tag='505'><subfield code='a'>Introduction -- Machine-learning foundations : the probabilistic framework -- Probabilistic modeling and inference : examples -- Machine learning algorithms -- Neural networks : the theory -- Neural networks : applications -- Hidden Markov models: the theory -- Hidden Markov models: applications -- Probabilistic graphical models in bioinformatics -- Probabilistic models of evolution : phylogenitc trees -- Stochastic grammars and linguistics -- Microarrays and gene expression -- Internet resources and public databases --</subfield></datafield><datafield ind1=' ' ind2=' ' tag='533'><subfield code='a'>Electronic reproduction.</subfield><subfield code='b'>Boulder, Colo. :</subfield><subfield code='c'>NetLibrary,</subfield><subfield code='d'>2003.</subfield><subfield code='n'>Available via World Wide Web.</subfield><subfield code='n'>Access may be limited to NetLibrary affiliated libraries.</subfield></datafield><datafield ind1=' ' ind2=' ' tag='536'><subfield code='a'>This netLibrary electronic book is provided through the Access Pennsylvania Database project, a statewide library union catalog funded by the Pennsylvania Legislature and administered by the Pennsylvania Department of Education, Office of Commonwealth Libraries, Bureau of Library Development.</subfield></datafield><datafield ind1=' ' ind2=' ' tag='590'><subfield code='a'>Access is available to the Temple Community through use of a networked computer with a Temple IP address.</subfield></datafield><datafield ind1=' ' ind2='0' tag='650'><subfield code='a'>Bioinformatics.</subfield></datafield><datafield ind1=' ' ind2='0' tag='650'><subfield code='a'>Molecular biology</subfield><subfield code='x'>Computer simulation.</subfield></datafield><datafield ind1=' ' ind2='0' tag='650'><subfield code='a'>Molecular biology</subfield><subfield code='x'>Mathematical models.</subfield></datafield><datafield ind1=' ' ind2='0' tag='650'><subfield code='a'>Neural networks (Computer science)</subfield></datafield><datafield ind1=' ' ind2='0' tag='650'><subfield code='a'>Machine learning.</subfield></datafield><datafield ind1=' ' ind2='0' tag='650'><subfield code='a'>Markov processes.</subfield></datafield><datafield ind1='1' ind2='2' tag='650'><subfield code='a'>Computational Biology</subfield><subfield code='x'>methods.</subfield></datafield><datafield ind1='2' ind2='2' tag='650'><subfield code='a'>Artificial Intelligence.</subfield></datafield><datafield ind1='2' ind2='2' tag='650'><subfield code='a'>Markov Chains.</subfield></datafield><datafield ind1='2' ind2='2' tag='650'><subfield code='a'>Models, Theoretical.</subfield></datafield><datafield ind1='2' ind2='2' tag='650'><subfield code='a'>Neural Networks (Computer)</subfield></datafield><datafield ind1=' ' ind2='6' tag='650'><subfield code='a'>Bio-informatique.</subfield></datafield><datafield ind1=' ' ind2='6' tag='650'><subfield code='a'>Biologie moléculaire</subfield><subfield code='x'>Simulation par ordinateur.</subfield></datafield><datafield ind1=' ' ind2='6' tag='650'><subfield code='a'>Biologie moléculaire</subfield><subfield code='x'>Modèles mathématiques.</subfield></datafield><datafield ind1=' ' ind2='6' tag='650'><subfield code='a'>Réseaux neuronaux (Informatique)</subfield></datafield><datafield ind1=' ' ind2='6' tag='650'><subfield code='a'>Apprentissage automatique.</subfield></datafield><datafield ind1=' ' ind2='6' tag='650'><subfield code='a'>Markov, Processus de.</subfield></datafield><datafield ind1=' ' ind2='0' tag='655'><subfield code='a'>Electronic books.</subfield></datafield><datafield ind1='1' ind2=' ' tag='700'><subfield code='a'>Brunak, Søren.</subfield></datafield><datafield ind1='2' ind2=' ' tag='710'><subfield code='a'>EBSCO Publishing (Firm)</subfield></datafield><datafield ind1='0' ind2=' ' tag='730'><subfield code='a'>EBSCOhost eBook collection.</subfield></datafield><datafield ind1='1' ind2=' ' tag='776'><subfield code='c'>Original</subfield><subfield code='z'>026202506X</subfield><subfield code='w'>(DLC)  2001030210</subfield><subfield code='w'>(OCoLC)45951728</subfield></datafield><datafield ind1='4' ind2=' ' tag='856'><subfield code='3'>Bibliographic record display</subfield><subfield code='u'>http://libproxy.temple.edu/login?url=http://www.netLibrary.com/urlapi.asp?action=summary&amp;v=&amp;bookid=78207</subfield><subfield code='z'>Click here to access this electronic book provided through the Access Pennsylvania Database project.</subfield></datafield><datafield ind1=' ' ind2=' ' tag='902'><subfield code='a'>Authority information changed to reflect Ebsco&apos;s purchase of NetLibrary in 2011; mrtl 2/16/15</subfield></datafield><datafield ind1=' ' ind2=' ' tag='907'><subfield code='a'>.b32092258</subfield><subfield code='b'>w    </subfield><subfield code='c'>-</subfield></datafield><datafield ind1=' ' ind2=' ' tag='945'><subfield code='l'>w    </subfield><subfield code='g'>1</subfield></datafield><datafield ind1=' ' ind2=' ' tag='998'><subfield code='b'>1</subfield><subfield code='c'>070203</subfield><subfield code='d'>m</subfield><subfield code='e'>@</subfield><subfield code='f'>-</subfield><subfield code='g'>0</subfield></datafield><datafield ind1=' ' ind2=' ' tag='ADM'><subfield code='b'>2018-03-15 18:57:15</subfield><subfield code='e'>b32092258-01tuli_inst</subfield><subfield code='d'>ILS</subfield><subfield code='a'>2017-06-20 07:32:04</subfield><subfield code='c'>false</subfield></datafield><datafield ind1=' ' ind2=' ' tag='PRT'><subfield code='a'>53368442850003811</subfield><subfield code='b'>https://sandbox01-na.alma.exlibrisgroup.com/view/uresolver/01TULI_INST/openurl?u.ignore_date_coverage=true&amp;rft.mms_id=991021384749703811</subfield><subfield code='f'>Click here to access this electronic book provided through the Access Pennsylvania Database project.</subfield><subfield code='9'>Available</subfield><subfield code='d'>MAIN</subfield><subfield code='c'>NetLibrary</subfield><subfield code='8'>53368442850003811</subfield></datafield></record>