
<record xmlns='http://www.loc.gov/MARC21/slim'><leader>04385nam a2200793Ki 4500</leader><controlfield tag='005'>20180315165507.0</controlfield><controlfield tag='006'>m     o  d        </controlfield><controlfield tag='007'>cr cnu---unuuu</controlfield><controlfield tag='008'>140708s2005    mauaf   ob    001 0 eng d</controlfield><controlfield tag='001'>991006765009703811</controlfield><datafield ind1=' ' ind2=' ' tag='020'><subfield code='a'>9781628708615 (electronic bk.)</subfield></datafield><datafield ind1=' ' ind2=' ' tag='020'><subfield code='a'>1628708611 (electronic bk.)</subfield></datafield><datafield ind1=' ' ind2=' ' tag='020'><subfield code='z'>0262122804</subfield></datafield><datafield ind1=' ' ind2=' ' tag='020'><subfield code='z'>9780262122801</subfield></datafield><datafield ind1=' ' ind2=' ' tag='035'><subfield code='a'>(PPT)b57101875-01tuli_inst</subfield></datafield><datafield ind1=' ' ind2=' ' tag='035'><subfield code='a'>(OCoLC)883035225</subfield></datafield><datafield ind1=' ' ind2=' ' tag='040'><subfield code='a'>KNOVL</subfield><subfield code='b'>eng</subfield><subfield code='e'>rda</subfield><subfield code='e'>pn</subfield><subfield code='c'>KNOVL</subfield></datafield><datafield ind1=' ' ind2=' ' tag='049'><subfield code='a'>TEUU</subfield></datafield><datafield ind1='1' ind2=' ' tag='070'><subfield code='a'>QR182.2.I46</subfield><subfield code='b'>I465 2005</subfield></datafield><datafield ind1=' ' ind2=' ' tag='090'><subfield code='a'>QR182.2.I46</subfield><subfield code='b'>I465 2005eb</subfield></datafield><datafield ind1='0' ind2='0' tag='245'><subfield code='a'>Immunological bioinformatics /</subfield><subfield code='c'>Ole Lund . ... [and others].</subfield></datafield><datafield ind1=' ' ind2='1' tag='264'><subfield code='a'>Cambridge, Mass. :</subfield><subfield code='b'>MIT Press,</subfield><subfield code='c'>[2005]</subfield></datafield><datafield ind1=' ' ind2='4' tag='264'><subfield code='c'>©2005</subfield></datafield><datafield ind1=' ' ind2=' ' tag='300'><subfield code='a'>1 online resource (xii, 296 pages, 24 unnumbered pages of plates) :</subfield><subfield code='b'>illustrations (some color).</subfield></datafield><datafield ind1=' ' ind2=' ' tag='336'><subfield code='a'>text</subfield><subfield code='b'>txt</subfield><subfield code='2'>rdacontent</subfield></datafield><datafield ind1=' ' ind2=' ' tag='337'><subfield code='a'>computer</subfield><subfield code='b'>c</subfield><subfield code='2'>rdamedia</subfield></datafield><datafield ind1=' ' ind2=' ' tag='338'><subfield code='a'>online resource</subfield><subfield code='b'>cr</subfield><subfield code='2'>rdacarrier</subfield></datafield><datafield ind1='1' ind2=' ' tag='490'><subfield code='a'>Computational molecular biology</subfield></datafield><datafield ind1=' ' ind2=' ' tag='504'><subfield code='a'>Includes bibliographical references (pages 255-290) and index.</subfield></datafield><datafield ind1='0' ind2=' ' tag='505'><subfield code='a'>Immune systems and systems biology -- Contemporary challenges to the immune system -- Sequence analysis in immunology -- Methods applied in immunological bioinformatics -- DNA microarrays in immunology -- Prediction of cytotoxic T cell (MHC class I) epitopes -- Antigen processing in the MHC class I pathway -- Prediction of helper T cell (MHC class II) epitopes -- Processing of MHC class II epitopes -- B cell epitopes -- Vaccine design -- Web-based tools for vaccine design -- MHC polymorphism -- Predicting immunogenicity : an integrative approach.</subfield></datafield><datafield ind1='1' ind2=' ' tag='520'><subfield code='a'>&quot;This book offers a description of bioinformatics techniques as they are applied to immunology, including a succinct account of the main biological concepts for students and researchers with backgrounds in mathematics, statistics, and computer science as well as explanations of the new data-driven algorithms in the context of biological data that will be useful of immunologists, biologists, and biochemists working on vaccine design. In each chapter the authors show interesting biological insights gained from the bioinformatics approach. The book concludes by explaining how all the methods presented in the book can be integrated to identify immunogenic regions in microorganisms and host genomes.&quot;--BOOK JACKET.</subfield></datafield><datafield ind1=' ' ind2=' ' tag='588'><subfield code='a'>Description based on print version record.</subfield></datafield><datafield ind1=' ' ind2=' ' tag='590'><subfield code='a'>Access is available to the Temple Community through use of a networked computer with a Temple IP address.</subfield></datafield><datafield ind1=' ' ind2='0' tag='650'><subfield code='a'>Immunoinformatics.</subfield></datafield><datafield ind1=' ' ind2='0' tag='650'><subfield code='a'>Molecular biology</subfield><subfield code='x'>Computer simulation.</subfield></datafield><datafield ind1=' ' ind2='0' tag='650'><subfield code='a'>Immunology</subfield><subfield code='x'>Mathematical models.</subfield></datafield><datafield ind1=' ' ind2='0' tag='650'><subfield code='a'>Neural networks (Computer science)</subfield></datafield><datafield ind1=' ' ind2='0' tag='650'><subfield code='a'>Machine learning.</subfield></datafield><datafield ind1=' ' ind2='0' tag='650'><subfield code='a'>Bioinformatics.</subfield></datafield><datafield ind1='1' ind2='2' tag='650'><subfield code='a'>Computational Biology</subfield><subfield code='x'>methods.</subfield></datafield><datafield ind1='1' ind2='2' tag='650'><subfield code='a'>Immune System.</subfield></datafield><datafield ind1='2' ind2='2' tag='650'><subfield code='a'>Neural Networks (Computer)</subfield></datafield><datafield ind1=' ' ind2='6' tag='650'><subfield code='a'>Immuno-informatique.</subfield></datafield><datafield ind1=' ' ind2='6' tag='650'><subfield code='a'>Biologie moléculaire</subfield><subfield code='x'>Simulation par ordinateur.</subfield></datafield><datafield ind1=' ' ind2='6' tag='650'><subfield code='a'>Immunologie</subfield><subfield code='x'>Modèles mathématiques.</subfield></datafield><datafield ind1=' ' ind2='6' tag='650'><subfield code='a'>Réseaux neuronaux (Informatique)</subfield></datafield><datafield ind1=' ' ind2='6' tag='650'><subfield code='a'>Apprentissage automatique.</subfield></datafield><datafield ind1=' ' ind2='6' tag='650'><subfield code='a'>Bio-informatique.</subfield></datafield><datafield ind1='0' ind2='7' tag='650'><subfield code='a'>Immunbiologie.</subfield><subfield code='2'>swd</subfield></datafield><datafield ind1='0' ind2='7' tag='650'><subfield code='a'>Immunchemie.</subfield><subfield code='2'>swd</subfield></datafield><datafield ind1='0' ind2='7' tag='650'><subfield code='a'>Immunologie.</subfield><subfield code='2'>swd</subfield></datafield><datafield ind1='0' ind2='7' tag='650'><subfield code='a'>Molekulare Bioinformatik.</subfield><subfield code='2'>swd</subfield></datafield><datafield ind1=' ' ind2='7' tag='650'><subfield code='a'>Bioinformatics.</subfield><subfield code='2'>fast</subfield><subfield code='0'>(OCoLC)fst00832181</subfield></datafield><datafield ind1=' ' ind2='7' tag='650'><subfield code='a'>Immunoinformatics.</subfield><subfield code='2'>fast</subfield><subfield code='0'>(OCoLC)fst00967976</subfield></datafield><datafield ind1=' ' ind2='7' tag='650'><subfield code='a'>Immunology</subfield><subfield code='x'>Mathematical models.</subfield><subfield code='2'>fast</subfield><subfield code='0'>(OCoLC)fst00968017</subfield></datafield><datafield ind1=' ' ind2='7' tag='650'><subfield code='a'>Machine learning.</subfield><subfield code='2'>fast</subfield><subfield code='0'>(OCoLC)fst01004795</subfield></datafield><datafield ind1=' ' ind2='7' tag='650'><subfield code='a'>Molecular biology</subfield><subfield code='x'>Computer simulation.</subfield><subfield code='2'>fast</subfield><subfield code='0'>(OCoLC)fst01024737</subfield></datafield><datafield ind1=' ' ind2='7' tag='650'><subfield code='a'>Neural networks (Computer science)</subfield><subfield code='2'>fast</subfield><subfield code='0'>(OCoLC)fst01036260</subfield></datafield><datafield ind1=' ' ind2='4' tag='655'><subfield code='a'>Electronic books.</subfield></datafield><datafield ind1='1' ind2=' ' tag='700'><subfield code='a'>Lund, Ole.</subfield></datafield><datafield ind1='2' ind2=' ' tag='710'><subfield code='a'>Knovel (Firm)</subfield></datafield><datafield ind1='0' ind2=' ' tag='730'><subfield code='a'>Knovel library.</subfield></datafield><datafield ind1='0' ind2='8' tag='776'><subfield code='i'>Print version:</subfield><subfield code='t'>Immunological bioinformatics</subfield><subfield code='z'>0262122804</subfield><subfield code='w'>(DLC)  2005042806</subfield><subfield code='w'>(OCoLC)57579442</subfield></datafield><datafield ind1=' ' ind2='0' tag='830'><subfield code='a'>Computational molecular biology.</subfield></datafield><datafield ind1='4' ind2='0' tag='856'><subfield code='3'>Knovel</subfield><subfield code='z'>Access full text online.</subfield><subfield code='u'>http://libproxy.temple.edu/login?url=http://app.knovel.com/hotlink/toc/id:kpIB000032/immunological-bioinformatics</subfield></datafield><datafield ind1=' ' ind2=' ' tag='902'><subfield code='a'>Knovel Academic 2015-01-28</subfield></datafield><datafield ind1=' ' ind2=' ' tag='907'><subfield code='a'>.b57101875</subfield><subfield code='b'>w    </subfield><subfield code='c'>-</subfield></datafield><datafield ind1=' ' ind2=' ' tag='945'><subfield code='l'>w    </subfield><subfield code='g'>1</subfield></datafield><datafield ind1=' ' ind2=' ' tag='998'><subfield code='b'>1</subfield><subfield code='c'>150201</subfield><subfield code='d'>m</subfield><subfield code='e'>@</subfield><subfield code='f'>-</subfield><subfield code='g'>0</subfield></datafield><datafield ind1=' ' ind2=' ' tag='ADM'><subfield code='b'>2018-03-15 20:55:07</subfield><subfield code='e'>b57101875-01tuli_inst</subfield><subfield code='d'>ILS</subfield><subfield code='a'>2017-06-20 07:12:00</subfield><subfield code='c'>false</subfield></datafield><datafield ind1=' ' ind2=' ' tag='PRT'><subfield code='a'>53379791450003811</subfield><subfield code='b'>https://sandbox01-na.alma.exlibrisgroup.com/view/uresolver/01TULI_INST/openurl?u.ignore_date_coverage=true&amp;rft.mms_id=991006765009703811</subfield><subfield code='f'>Access full text online.</subfield><subfield code='9'>Available</subfield><subfield code='d'>MAIN</subfield><subfield code='c'>Knovel</subfield><subfield code='8'>53379791450003811</subfield></datafield></record>