
<record xmlns='http://www.loc.gov/MARC21/slim'><leader>03986nam a22005055i 4500</leader><controlfield tag='001'>991036801068803811</controlfield><controlfield tag='005'>20180327114210.0</controlfield><controlfield tag='007'>cr nn 008mamaa</controlfield><controlfield tag='008'>150518s2015    xxk|    o    |||| 0|eng d</controlfield><datafield ind1=' ' ind2=' ' tag='020'><subfield code='a'>1-4471-6702-3</subfield></datafield><datafield ind1='7' ind2=' ' tag='024'><subfield code='a'>10.1007/978-1-4471-6702-0</subfield><subfield code='2'>doi</subfield></datafield><datafield ind1=' ' ind2=' ' tag='035'><subfield code='a'>(CKB)3710000000416752</subfield></datafield><datafield ind1=' ' ind2=' ' tag='035'><subfield code='a'>(SSID)ssj0001500972</subfield></datafield><datafield ind1=' ' ind2=' ' tag='035'><subfield code='a'>(PQKBManifestationID)11848521</subfield></datafield><datafield ind1=' ' ind2=' ' tag='035'><subfield code='a'>(PQKBTitleCode)TC0001500972</subfield></datafield><datafield ind1=' ' ind2=' ' tag='035'><subfield code='a'>(PQKBWorkID)11523361</subfield></datafield><datafield ind1=' ' ind2=' ' tag='035'><subfield code='a'>(PQKB)11184837</subfield></datafield><datafield ind1=' ' ind2=' ' tag='035'><subfield code='a'>(DE-He213)978-1-4471-6702-0</subfield></datafield><datafield ind1=' ' ind2=' ' tag='035'><subfield code='a'>(EXLCZ)993710000000416752</subfield></datafield><datafield ind1=' ' ind2=' ' tag='040'><subfield code='a'>PQKB</subfield></datafield><datafield ind1=' ' ind2=' ' tag='041'><subfield code='a'>eng</subfield></datafield><datafield ind1=' ' ind2='4' tag='050'><subfield code='a'>QH324.2-324.25</subfield></datafield><datafield ind1=' ' ind2='7' tag='072'><subfield code='a'>PSA</subfield><subfield code='2'>bicssc</subfield></datafield><datafield ind1=' ' ind2='7' tag='072'><subfield code='a'>UB</subfield><subfield code='2'>bicssc</subfield></datafield><datafield ind1=' ' ind2='7' tag='072'><subfield code='a'>COM014000</subfield><subfield code='2'>bisacsh</subfield></datafield><datafield ind1='0' ind2='4' tag='082'><subfield code='a'>570.285</subfield><subfield code='2'>23</subfield></datafield><datafield ind1='1' ind2=' ' tag='100'><subfield code='a'>Ramsden, Jeremy.</subfield><subfield code='e'>author.</subfield></datafield><datafield ind1='1' ind2='0' tag='245'><subfield code='a'>Bioinformatics</subfield><subfield code='h'>[electronic resource] :</subfield><subfield code='b'>An Introduction /</subfield><subfield code='c'>by Jeremy Ramsden.</subfield></datafield><datafield ind1=' ' ind2=' ' tag='250'><subfield code='a'>3rd ed. 2015.</subfield></datafield><datafield ind1=' ' ind2='1' tag='264'><subfield code='a'>London :</subfield><subfield code='b'>Springer London :</subfield><subfield code='b'>Imprint: Springer,</subfield><subfield code='c'>2015.</subfield></datafield><datafield ind1=' ' ind2=' ' tag='300'><subfield code='a'>1 online resource (XIX, 308 p. 34 illus.) </subfield></datafield><datafield ind1=' ' ind2=' ' tag='336'><subfield code='a'>text</subfield><subfield code='b'>txt</subfield></datafield><datafield ind1=' ' ind2=' ' tag='337'><subfield code='a'>computer</subfield><subfield code='b'>c</subfield></datafield><datafield ind1=' ' ind2=' ' tag='338'><subfield code='a'>online resource</subfield><subfield code='b'>cr</subfield></datafield><datafield ind1=' ' ind2=' ' tag='347'><subfield code='a'>text file</subfield><subfield code='b'>PDF</subfield><subfield code='2'>rda</subfield></datafield><datafield ind1='1' ind2=' ' tag='490'><subfield code='a'>Computational Biology,</subfield><subfield code='x'>1568-2684 ;</subfield><subfield code='v'>21</subfield></datafield><datafield ind1=' ' ind2=' ' tag='500'><subfield code='a'>Bibliographic Level Mode of Issuance: Monograph</subfield></datafield><datafield ind1=' ' ind2=' ' tag='546'><subfield code='a'>English</subfield></datafield><datafield ind1='0' ind2=' ' tag='505'><subfield code='a'>Introduction -- Part I: Information -- The Nature of Information -- The Transmission of Information -- Sets and Combinatorics -- Probability and Likelihood -- Randomness and Complexity -- Systems, Networks and Circuits -- Algorithms -- Part II: Biology -- Introduction to Part II -- The Nature of Living Things -- The Molecules of Life -- Part III: Applications -- Introduction to Part III -- Genomics -- Proteomics -- The Glycome, Lipidome and Microbiome -- Interactomics -- The Nervous System -- Metabolomics and Metabonomics -- Phenomics -- Medical Applications -- Ecosystems Management -- The Organization of Knowledge.</subfield></datafield><datafield ind1=' ' ind2=' ' tag='520'><subfield code='a'>This comprehensive textbook/reference presents a self-contained guide to bioinformatics, defined in its broadest sense as the application of information science to biology. Thoroughly updated and considerably expanded, this third edition now includes material on the growing array of “-omics”; covering metagenomics, toxicogenomics, glycomics, lipidomics, microbiomics, and phenomics. New chapters have also been added on ecosystems management and the nervous system. Emphasis is placed on providing both a firm grounding in the core concepts, and a clear overview of the complete field of bioinformatics. Topics and features: Explains the fundamentals of information science relevant to biology, discussing set theory, combinatorics, probability, likelihood, clustering, pattern recognition, randomness, complexity, systems, and networks Covers both organismal (ontogeny and phylogeny, as well as genome structure) and molecular aspects Critically examines the most important practical applications of bioinformatics, providing detailed descriptions of both the experimental process and the analysis of the data Provides a varied selection of problems throughout the book, to stimulate further thinking Contains an extensive bibliography offering a guide to further reading and to the latest reported research Combining the successful formula of the previous editions with significantly enhanced new content, this textbook serves as a complete study companion for undergraduates and the beginning graduate student. With its invaluable insights into the state-of-the-art of bioinformatics, the book is also ideal for physical scientists seeking a succinct guide to biology, and for biological scientists wishing to better understand the physicochemical and mathematical aspects underpinning the applications.</subfield></datafield><datafield ind1=' ' ind2='7' tag='650'><subfield code='a'>Biology</subfield><subfield code='2'>HILCC</subfield></datafield><datafield ind1=' ' ind2='7' tag='650'><subfield code='a'>Health &amp; Biological Sciences</subfield><subfield code='2'>HILCC</subfield></datafield><datafield ind1=' ' ind2='7' tag='650'><subfield code='a'>Biology - General</subfield><subfield code='2'>HILCC</subfield></datafield><datafield ind1=' ' ind2=' ' tag='776'><subfield code='z'>1-4471-6701-5</subfield></datafield><datafield ind1=' ' ind2='0' tag='830'><subfield code='a'>Computational Biology,</subfield><subfield code='x'>1568-2684 ;</subfield><subfield code='v'>21</subfield></datafield><datafield ind1=' ' ind2=' ' tag='906'><subfield code='a'>BOOK</subfield></datafield><datafield ind1=' ' ind2=' ' tag='ADM'><subfield code='b'>2018-03-28 11:48:10</subfield><subfield code='e'>993710000000416752</subfield><subfield code='d'>NON_SFX</subfield><subfield code='f'>20151106081008.0</subfield><subfield code='a'>2015-06-13 18:22:45</subfield><subfield code='c'>false</subfield></datafield><datafield ind1=' ' ind2=' ' tag='PRT'><subfield code='a'>53366715150003811</subfield><subfield code='b'>https://sandbox01-na.alma.exlibrisgroup.com/view/uresolver/01TULI_INST/openurl?u.ignore_date_coverage=true&amp;rft.mms_id=991036801068803811</subfield><subfield code='e'>Springer Link</subfield><subfield code='9'>Available</subfield><subfield code='c'>SpringerLink Books Complete</subfield><subfield code='h'>611000000000001381</subfield><subfield code='8'>53366715150003811</subfield></datafield></record>