
<record xmlns='http://www.loc.gov/MARC21/slim'><leader>07263nam a22005655i 4500</leader><controlfield tag='001'>991036801228803811</controlfield><controlfield tag='005'>20170918212920.0</controlfield><controlfield tag='006'>m     o  d |      </controlfield><controlfield tag='007'>cr -n---------</controlfield><controlfield tag='008'>151215s2015    gw |    o    |||| 0|eng d</controlfield><datafield ind1=' ' ind2=' ' tag='020'><subfield code='a'>3-319-23724-1</subfield></datafield><datafield ind1='7' ind2=' ' tag='024'><subfield code='a'>10.1007/978-3-319-23724-4</subfield><subfield code='2'>doi</subfield></datafield><datafield ind1=' ' ind2=' ' tag='035'><subfield code='a'>(CKB)3710000000539329</subfield></datafield><datafield ind1=' ' ind2=' ' tag='035'><subfield code='a'>(EBL)4199778</subfield></datafield><datafield ind1=' ' ind2=' ' tag='035'><subfield code='a'>(SSID)ssj0001597060</subfield></datafield><datafield ind1=' ' ind2=' ' tag='035'><subfield code='a'>(PQKBManifestationID)16297046</subfield></datafield><datafield ind1=' ' ind2=' ' tag='035'><subfield code='a'>(PQKBTitleCode)TC0001597060</subfield></datafield><datafield ind1=' ' ind2=' ' tag='035'><subfield code='a'>(PQKBWorkID)14886553</subfield></datafield><datafield ind1=' ' ind2=' ' tag='035'><subfield code='a'>(PQKB)11442960</subfield></datafield><datafield ind1=' ' ind2=' ' tag='035'><subfield code='a'>(DE-He213)978-3-319-23724-4</subfield></datafield><datafield ind1=' ' ind2=' ' tag='035'><subfield code='a'>(MiAaPQ)EBC4199778</subfield></datafield><datafield ind1=' ' ind2=' ' tag='035'><subfield code='a'>(EXLCZ)993710000000539329</subfield></datafield><datafield ind1=' ' ind2=' ' tag='040'><subfield code='a'>MiAaPQ</subfield><subfield code='b'>eng</subfield><subfield code='e'>rda</subfield><subfield code='e'>pn</subfield><subfield code='c'>MiAaPQ</subfield><subfield code='d'>MiAaPQ</subfield></datafield><datafield ind1=' ' ind2=' ' tag='041'><subfield code='a'>eng</subfield></datafield><datafield ind1=' ' ind2='4' tag='050'><subfield code='a'>QH324.2-324.25</subfield></datafield><datafield ind1=' ' ind2='7' tag='072'><subfield code='a'>PSA</subfield><subfield code='2'>bicssc</subfield></datafield><datafield ind1=' ' ind2='7' tag='072'><subfield code='a'>UB</subfield><subfield code='2'>bicssc</subfield></datafield><datafield ind1=' ' ind2='7' tag='072'><subfield code='a'>COM014000</subfield><subfield code='2'>bisacsh</subfield></datafield><datafield ind1='0' ind2='0' tag='082'><subfield code='a'>004</subfield></datafield><datafield ind1='1' ind2=' ' tag='100'><subfield code='a'>Bhanu, Bir.</subfield></datafield><datafield ind1='1' ind2='0' tag='245'><subfield code='a'>Video Bioinformatics</subfield><subfield code='h'>[electronic resource] :</subfield><subfield code='b'>From Live Imaging to Knowledge /</subfield><subfield code='c'>edited by Bir Bhanu, Prue Talbot.</subfield></datafield><datafield ind1=' ' ind2=' ' tag='250'><subfield code='a'>1st ed. 2015.</subfield></datafield><datafield ind1=' ' ind2='1' tag='264'><subfield code='a'>Cham :</subfield><subfield code='b'>Springer International Publishing :</subfield><subfield code='b'>Imprint: Springer,</subfield><subfield code='c'>2015.</subfield></datafield><datafield ind1=' ' ind2=' ' tag='300'><subfield code='a'>1 online resource (407 p.)</subfield></datafield><datafield ind1=' ' ind2=' ' tag='336'><subfield code='a'>text</subfield><subfield code='b'>txt</subfield></datafield><datafield ind1=' ' ind2=' ' tag='337'><subfield code='a'>computer</subfield><subfield code='b'>c</subfield></datafield><datafield ind1=' ' ind2=' ' tag='338'><subfield code='a'>online resource</subfield><subfield code='b'>cr</subfield></datafield><datafield ind1=' ' ind2=' ' tag='347'><subfield code='a'>text file</subfield><subfield code='b'>PDF</subfield><subfield code='2'>rda</subfield></datafield><datafield ind1='1' ind2=' ' tag='490'><subfield code='a'>Computational Biology,</subfield><subfield code='x'>1568-2684 ;</subfield><subfield code='v'>22</subfield></datafield><datafield ind1=' ' ind2=' ' tag='500'><subfield code='a'>Description based upon print version of record.</subfield></datafield><datafield ind1=' ' ind2=' ' tag='546'><subfield code='a'>English</subfield></datafield><datafield ind1=' ' ind2=' ' tag='504'><subfield code='a'>Includes bibliographical references and index.</subfield></datafield><datafield ind1=' ' ind2=' ' tag='588'><subfield code='a'>Description based on online resource; title from PDF title page (ebrary, viewed January 25, 2016).</subfield></datafield><datafield ind1='0' ind2=' ' tag='505'><subfield code='a'>Part I: Video Bioinformatics: An Introduction -- Live Imaging and Video Bioinformatics -- Video Bioinformatics Methods for Analyzing Cell Dynamics -- Part II: Organismal Dynamics: Analyzing Brain Injury and Disease -- High and Low Level Contextual Modeling for the Detection of Mild-Traumatic Brain Injury -- Automated Identification of Injury Dynamics after Neonatal Hypoxia-Ischemia -- A Real-Time Analysis of Traumatic Brain Injury from T2 Weighted Magnetic Resonance Images using a Symmetry-Based Algorithm -- Visualizing Cortical Tissue Optical Changes during Seizure Activity with Optical Coherence Tomography -- Part III: Dynamics of Stem Cells -- Bio-Inspired Segmentation and Detection Methods for Human Embryonic Stem Cells -- A Video Bioinformatics Method to Quantify Cell Spreading and Its Application to Cells Treated with Rho-associated Protein Kinase and Blebbistatin -- Evaluation of Dynamic Cell Processes and Behavior Using Video Bioinformatics Tools -- Part IV: Dynamic Processes in Plant and Fungal Systems -- Video Bioinformatics: A New Dimension in Quantifying Plant Cell Dynamics -- Understanding Growth of Pollen Tube in Video -- Automatic Image Analysis Pipeline for Studying Growth in Arabidopsis -- Quantitative Analyses using Video Bioinformatics and Image Analysis Tools During Growth and Development in the Multicellular Fungus -- Part V: Dynamics of Intracellular Molecules -- Quantification of the Dynamics of DNA Repair to Ionizing Radiatio n via Colocalization of 53BP1 and H2AX -- A Method to Regulate Cofilin Transport Using Optogenetics and Live Video Analysis -- Part VI: Software, Systems and Databases -- Integrated 5-D Cell Tracking and Linked Analytics in the FARSIGHT Open Source Toolkit -- Video Bioinformatics Databases and Software -- Understanding of the Biological Process of Non-Verbal Communication -- Identification and Retrieval of Moth Images Based on Wing Patterns.</subfield></datafield><datafield ind1=' ' ind2=' ' tag='520'><subfield code='a'>The advances of live cell video imaging and high-throughput technologies for functional and chemical genomics provide unprecedented opportunities to understand how biological processes work in subcellular and multicellular systems. The interdisciplinary research field of Video Bioinformatics is defined by Bir Bhanu as the automated processing, analysis, understanding, data mining, visualization, query-based retrieval/storage of biological spatiotemporal events/data and knowledge extracted from dynamic images and microscopic videos. Video bioinformatics attempts to provide a deeper understanding of continuous and dynamic life processes. Genome sequences alone lack spatial and temporal information, and video imaging of specific molecules and their spatiotemporal interactions, using a range of imaging methods, are essential to understand how genomes create cells, how cells constitute organisms, and how errant cells cause disease. The book examines interdisciplinary research issues and challenges with examples that deal with organismal dynamics, intercellular and tissue dynamics, intracellular dynamics, protein movement, cell signaling and software and databases for video bioinformatics. Topics and Features · Covers a set of biological problems, their significance, live-imaging experiments, theory and computational methods, quantifiable experimental results and discussion of results. · Provides automated methods for analyzing mild traumatic brain injury over time, identifying injury dynamics after neonatal hypoxia-ischemia and visualizing cortical tissue changes during seizure activity as examples of organismal dynamics · Describes techniques for quantifying the dynamics of human embryonic stem cells with examples of cell detection/segmentation, spreading and other dynamic behaviors which are important for characterizing stem cell health · Examines and quantifies dynamic processes in plant and fungal systems such as cell trafficking, growth of pollen tubes in model systems such as Neurospora Crassa and Arabidopsis · Discusses the dynamics of intracellular molecules for DNA repair and the regulation of cofilin transport using video analysis · Discusses software, system and database aspects of video bioinformatics by providing examples of 5D cell tracking by FARSIGHT open source toolkit, a survey on available databases and software, biological processes for non-verbal communications and identification and retrieval of moth images This unique text will be of great interest to researchers and graduate students of Electrical Engineering, Computer Science, Bioengineering, Cell Biology, Toxicology, Genetics, Genomics, Bioinformatics, Computer Vision and Pattern Recognition, Medical Image Analysis, and Cell Molecular and Developmental Biology. The large number of example applications will also appeal to application scientists and engineers. Dr. Bir Bhanu is Distinguished Professor of Electrical &amp; Computer Engineering, Interim Chair of the Department of Bioengineering, Cooperative Professor of Computer Science &amp; Engineering, and Mechanical Engineering and the Director of the Center for Research in Intelligent Systems, at the University of California, Riverside, California, USA. Dr. Prue Talbot is Professor of Cell Biology &amp; Neuroscience and Director of the Stem Cell Center and Core at the University of California Riverside, California, USA.</subfield></datafield><datafield ind1=' ' ind2='0' tag='650'><subfield code='a'>Image processing</subfield><subfield code='x'>Digital techniques.</subfield></datafield><datafield ind1=' ' ind2='0' tag='650'><subfield code='a'>Image processing</subfield><subfield code='x'>Digital techniques</subfield><subfield code='v'>Software.</subfield></datafield><datafield ind1=' ' ind2='4' tag='655'><subfield code='a'>Electronic books.</subfield></datafield><datafield ind1=' ' ind2=' ' tag='776'><subfield code='z'>3-319-23723-3</subfield></datafield><datafield ind1='1' ind2=' ' tag='700'><subfield code='a'>Bhanu, Bir.</subfield><subfield code='e'>editor.</subfield></datafield><datafield ind1='1' ind2=' ' tag='700'><subfield code='a'>Talbot, Prue.</subfield><subfield code='e'>editor.</subfield></datafield><datafield ind1=' ' ind2='0' tag='830'><subfield code='a'>Computational Biology,</subfield><subfield code='x'>1568-2684 ;</subfield><subfield code='v'>22</subfield></datafield><datafield ind1=' ' ind2=' ' tag='906'><subfield code='a'>BOOK</subfield></datafield><datafield ind1=' ' ind2=' ' tag='ADM'><subfield code='b'>2018-02-23 06:07:50</subfield><subfield code='e'>993710000000539329</subfield><subfield code='d'>NON_SFX</subfield><subfield code='f'>20151215144407.0</subfield><subfield code='a'>2015-12-12 15:57:58</subfield><subfield code='c'>false</subfield></datafield><datafield ind1=' ' ind2=' ' tag='PRT'><subfield code='a'>53366763050003811</subfield><subfield code='b'>https://sandbox01-na.alma.exlibrisgroup.com/view/uresolver/01TULI_INST/openurl?u.ignore_date_coverage=true&amp;rft.mms_id=991036801228803811</subfield><subfield code='e'>Springer Link</subfield><subfield code='9'>Available</subfield><subfield code='c'>SpringerLink Books Complete</subfield><subfield code='h'>611000000000001381</subfield><subfield code='8'>53366763050003811</subfield></datafield></record>