
<record xmlns='http://www.loc.gov/MARC21/slim'><leader>04942nam a22005535i 4500</leader><controlfield tag='001'>991036800447203811</controlfield><controlfield tag='005'>20170821191206.0</controlfield><controlfield tag='006'>m     o  d |      </controlfield><controlfield tag='007'>cr -n---------</controlfield><controlfield tag='008'>140714s2014    ii |    o    |||| 0|eng d</controlfield><datafield ind1=' ' ind2=' ' tag='020'><subfield code='a'>81-322-1880-9</subfield></datafield><datafield ind1='7' ind2=' ' tag='024'><subfield code='a'>10.1007/978-81-322-1880-7</subfield><subfield code='2'>doi</subfield></datafield><datafield ind1=' ' ind2=' ' tag='035'><subfield code='a'>(CKB)3710000000187281</subfield></datafield><datafield ind1=' ' ind2=' ' tag='035'><subfield code='a'>(EBL)1783710</subfield></datafield><datafield ind1=' ' ind2=' ' tag='035'><subfield code='a'>(OCoLC)891446403</subfield></datafield><datafield ind1=' ' ind2=' ' tag='035'><subfield code='a'>(SSID)ssj0001295343</subfield></datafield><datafield ind1=' ' ind2=' ' tag='035'><subfield code='a'>(PQKBManifestationID)11724565</subfield></datafield><datafield ind1=' ' ind2=' ' tag='035'><subfield code='a'>(PQKBTitleCode)TC0001295343</subfield></datafield><datafield ind1=' ' ind2=' ' tag='035'><subfield code='a'>(PQKBWorkID)11337061</subfield></datafield><datafield ind1=' ' ind2=' ' tag='035'><subfield code='a'>(PQKB)11737857</subfield></datafield><datafield ind1=' ' ind2=' ' tag='035'><subfield code='a'>(MiAaPQ)EBC1783710</subfield></datafield><datafield ind1=' ' ind2=' ' tag='035'><subfield code='a'>(DE-He213)978-81-322-1880-7</subfield></datafield><datafield ind1=' ' ind2=' ' tag='035'><subfield code='a'>(EXLCZ)993710000000187281</subfield></datafield><datafield ind1=' ' ind2=' ' tag='040'><subfield code='a'>MiAaPQ</subfield><subfield code='b'>eng</subfield><subfield code='e'>rda</subfield><subfield code='e'>pn</subfield><subfield code='c'>MiAaPQ</subfield><subfield code='d'>MiAaPQ</subfield></datafield><datafield ind1=' ' ind2=' ' tag='041'><subfield code='a'>eng</subfield></datafield><datafield ind1=' ' ind2='4' tag='050'><subfield code='a'>QH324.2-324.25</subfield></datafield><datafield ind1=' ' ind2='7' tag='072'><subfield code='a'>PSD</subfield><subfield code='2'>bicssc</subfield></datafield><datafield ind1=' ' ind2='7' tag='072'><subfield code='a'>UB</subfield><subfield code='2'>bicssc</subfield></datafield><datafield ind1=' ' ind2='7' tag='072'><subfield code='a'>SCI056000</subfield><subfield code='2'>bisacsh</subfield></datafield><datafield ind1='0' ind2='0' tag='082'><subfield code='a'>631</subfield></datafield><datafield ind1='1' ind2=' ' tag='100'><subfield code='a'>Kishor, P.B. Kavi.</subfield></datafield><datafield ind1='1' ind2='0' tag='245'><subfield code='a'>Agricultural Bioinformatics</subfield><subfield code='h'>[electronic resource] /</subfield><subfield code='c'>edited by Kavi Kishor P.B., Rajib Bandopadhyay, Prashanth Suravajhala.</subfield></datafield><datafield ind1=' ' ind2='1' tag='264'><subfield code='a'>New Delhi :</subfield><subfield code='b'>Springer India :</subfield><subfield code='b'>Imprint: Springer,</subfield><subfield code='c'>2014.</subfield></datafield><datafield ind1=' ' ind2=' ' tag='300'><subfield code='a'>1 online resource (296 p.)</subfield></datafield><datafield ind1=' ' ind2=' ' tag='336'><subfield code='a'>text</subfield><subfield code='b'>txt</subfield></datafield><datafield ind1=' ' ind2=' ' tag='337'><subfield code='a'>computer</subfield><subfield code='b'>c</subfield></datafield><datafield ind1=' ' ind2=' ' tag='338'><subfield code='a'>online resource</subfield><subfield code='b'>cr</subfield></datafield><datafield ind1=' ' ind2=' ' tag='347'><subfield code='a'>text file</subfield><subfield code='b'>PDF</subfield><subfield code='2'>rda</subfield></datafield><datafield ind1=' ' ind2=' ' tag='500'><subfield code='a'>Description based upon print version of record.</subfield></datafield><datafield ind1=' ' ind2=' ' tag='546'><subfield code='a'>English</subfield></datafield><datafield ind1=' ' ind2=' ' tag='504'><subfield code='a'>Includes bibliographical references at the end of each chapters.</subfield></datafield><datafield ind1=' ' ind2=' ' tag='588'><subfield code='a'>Description based on print version record.</subfield></datafield><datafield ind1='0' ind2=' ' tag='505'><subfield code='a'>1. Preface -- 2. Foreword -- 3.Association Mapping – A new Paradigm for Dissection of Complex traits in crops -- 4. The silent Assassins – Informatics of plant Viral Silencing Suppressors.5. Tackling the Heat Stress Tolerance in crop Plants: a Bioinformatics Approach -- 6. Comparative Genomics of Cereal Crops: Status and Future Prospects -- 7. A Comprehensive Overview on Application of Bioinformatics and Computational Statistics in Rice Genomics Towards an Amalgamated Approach for Improving Acquaintance Base -- 8. Contribution of Bioinformatics to Gene Discovery in Salt Stress Responses in Plants -- 9. Peanut Bioinformatics: Tools and Applications for Developing more Effective Immunotherapies for Peanut Allergy and Improving Food Safety -- 10. Plant MicroRNAs - An Overview -- 11. ESTs in plants: Where are we heading? -- 12. Bioinformatics Strategies Associated with Important Ethnic Medicinal Plants -- 13. Mining Knowledge from Omics Data -- 14. Cloud Computing in Agriculture -- 15. Bioinformatic Tools in the Analysis of Determinants of Pathogenicity and Ecology of Entomopathogenic Fungi used as Microbial Insecticides in Crop Protection -- 16. Exploring the Genomes of Symbiotic Diazotrophs with Relevance to Biological Nitrogen Fixation -- 17. Plant-Microbial Interaction: A Dialogue between two Dynamic Bioentities -- 18. Machine Learning with Special Emphasis on Support Vector Machines (SVMs) in Systems Biology: A Plant Perspective -- 19. Xanthine Derivatives:  A molecular Modeling perspective.                  .</subfield></datafield><datafield ind1=' ' ind2=' ' tag='520'><subfield code='a'>A common approach to understanding the functional repertoire of a genome is through functional genomics. With systems biology burgeoning, bioinformatics has grown to a larger extent for plant genomes where several applications in the form of protein-protein interactions (PPI) are used to predict the function of proteins. With plant genes evolutionarily conserved, the science of bioinformatics in agriculture has caught interest with myriad of applications taken from bench side to in silico studies. A multitude of technologies in the form of gene analysis, biochemical pathways and molecular techniques have been exploited to an extent that they consume less time and have been cost-effective to use. As genomes are being sequenced, there is an increased amount of expression data being generated from time to time matching the need to link the expression profiles and phenotypic variation to the underlying genomic variation. This would allow us to identify candidate genes and understand the molecular basis/phenotypic variation of traits. While many bioinformatics methods like expression and whole genome sequence data of organisms in biological databases have been used in plants, we felt a common reference showcasing the reviews for such analysis is wanting. We envisage that this dearth would be facilitated in the form of this Springer book on Agricultural Bioinformatics. We thank all the authors and the publishers Springer, Germany for providing us an opportunity to review the bioinformatics works that the authors have carried in the recent past and hope the readers would find this book attention grabbing.  .</subfield></datafield><datafield ind1=' ' ind2='0' tag='650'><subfield code='a'>Agricultural biotechnology.</subfield></datafield><datafield ind1=' ' ind2='4' tag='655'><subfield code='a'>Electronic books.</subfield></datafield><datafield ind1=' ' ind2=' ' tag='776'><subfield code='z'>81-322-1879-5</subfield></datafield><datafield ind1='1' ind2=' ' tag='700'><subfield code='a'>P.B., Kavi Kishor.</subfield><subfield code='e'>editor.</subfield></datafield><datafield ind1='1' ind2=' ' tag='700'><subfield code='a'>Bandopadhyay, Rajib.</subfield><subfield code='e'>editor.</subfield></datafield><datafield ind1='1' ind2=' ' tag='700'><subfield code='a'>Suravajhala, Prashanth.</subfield><subfield code='e'>editor.</subfield></datafield><datafield ind1=' ' ind2=' ' tag='906'><subfield code='a'>BOOK</subfield></datafield><datafield ind1=' ' ind2=' ' tag='ADM'><subfield code='b'>2018-02-25 18:41:18</subfield><subfield code='e'>993710000000187281</subfield><subfield code='d'>NON_SFX</subfield><subfield code='f'>20160803134623.0</subfield><subfield code='a'>2014-07-27 09:27:33</subfield><subfield code='c'>false</subfield></datafield><datafield ind1=' ' ind2=' ' tag='PRT'><subfield code='a'>53366592250003811</subfield><subfield code='b'>https://sandbox01-na.alma.exlibrisgroup.com/view/uresolver/01TULI_INST/openurl?u.ignore_date_coverage=true&amp;rft.mms_id=991036800447203811</subfield><subfield code='e'>Springer Link</subfield><subfield code='9'>Available</subfield><subfield code='c'>SpringerLink Books Complete</subfield><subfield code='h'>611000000000001381</subfield><subfield code='8'>53366592250003811</subfield></datafield></record>