
<record xmlns='http://www.loc.gov/MARC21/slim'><leader>00603nam a22001937a 4500</leader><controlfield tag='005'>20180529085413.0</controlfield><controlfield tag='008'>180502s2014                  ||||||eng d</controlfield><controlfield tag='001'>991036892500403811</controlfield><datafield ind1=' ' ind2=' ' tag='020'><subfield code='a'>1493947001 (pbk.)</subfield></datafield><datafield ind1=' ' ind2=' ' tag='035'><subfield code='a'>(OCoLC)1037691248</subfield></datafield><datafield ind1=' ' ind2=' ' tag='040'><subfield code='d'>NNfCLS</subfield></datafield><datafield ind1=' ' ind2='4' tag='082'><subfield code='a'>570.3</subfield><subfield code='2'>23</subfield></datafield><datafield ind1='0' ind2='0' tag='245'><subfield code='a'>Clinical Bioinformatics.</subfield><subfield code='n'>A.,</subfield><subfield code='p'>Ronald J. A /</subfield><subfield code='c'>edited by Trent, Ronald J. A.</subfield></datafield><datafield ind1=' ' ind2=' ' tag='250'><subfield code='a'>2</subfield></datafield><datafield ind1=' ' ind2=' ' tag='260'><subfield code='a'>Totowa, NJ</subfield><subfield code='b'>Humana Press Inc.</subfield><subfield code='c'>2014</subfield></datafield><datafield ind1=' ' ind2=' ' tag='300'><subfield code='a'>326 p.</subfield><subfield code='b'>ill.</subfield><subfield code='c'>26 x 18 cm.</subfield></datafield><datafield ind1='0' ind2=' ' tag='490'><subfield code='a'>Methods in Molecular Biology ;</subfield><subfield code='v'>1168</subfield></datafield><datafield ind1=' ' ind2=' ' tag='979'><subfield code='a'>(OCoLC)1037691248</subfield></datafield><datafield ind1=' ' ind2=' ' tag='997'><subfield code='a'>20180518</subfield><subfield code='d'>TEU</subfield><subfield code='c'>COUTTS SR</subfield><subfield code='e'>MARCIVE</subfield><subfield code='e'>WCAT</subfield></datafield><datafield ind1='0' ind2=' ' tag='HLD'><subfield code='b'>MAIN</subfield><subfield code='c'>stacks</subfield><subfield code='h'>QH324.2</subfield><subfield code='i'>.C556 2014</subfield><subfield code='8'>22416152220003811</subfield></datafield><datafield ind1=' ' ind2=' ' tag='ITM'><subfield code='b'>0</subfield><subfield code='h'>0</subfield><subfield code='g'>stacks</subfield><subfield code='9'>39074026626622</subfield><subfield code='e'>stacks</subfield><subfield code='l'>0</subfield><subfield code='8'>23416152210003811</subfield><subfield code='j'>0</subfield><subfield code='a'>0</subfield><subfield code='q'>2018-04-13 19:19:05</subfield><subfield code='i'>QH324.2 .C556 2014</subfield><subfield code='d'>MAIN</subfield><subfield code='r'>2018-05-23 16:52:41</subfield><subfield code='f'>MAIN</subfield></datafield></record>