
<record xmlns='http://www.loc.gov/MARC21/slim'><leader>00636nam  2200193za 4500</leader><controlfield tag='008'>100728s2010    enk    f      000|0 eng|d</controlfield><controlfield tag='001'>991036892500503811</controlfield><datafield ind1=' ' ind2=' ' tag='020'><subfield code='a'>9781842654903 (Paper)</subfield></datafield><datafield ind1=' ' ind2=' ' tag='020'><subfield code='a'>184265490X (Paper)</subfield></datafield><datafield ind1=' ' ind2=' ' tag='035'><subfield code='a'>(CaONFJC)38950254</subfield></datafield><datafield ind1=' ' ind2=' ' tag='040'><subfield code='d'>NNfCLS</subfield></datafield><datafield ind1=' ' ind2='4' tag='050'><subfield code='a'>QH324.2</subfield></datafield><datafield ind1='0' ind2='4' tag='082'><subfield code='a'>570.2&apos;85</subfield><subfield code='2'>22</subfield></datafield><datafield ind1='1' ind2=' ' tag='100'><subfield code='a'>Gopakumar, O. S. Deepa.</subfield></datafield><datafield ind1='1' ind2='0' tag='245'><subfield code='a'>Bioinformatics :</subfield><subfield code='b'>sequence and structural analysis /</subfield><subfield code='c'>O.S. Deepa Gopakumar, Krishnan Namboodri.</subfield></datafield><datafield ind1=' ' ind2=' ' tag='260'><subfield code='a'>Oxford :</subfield><subfield code='b'>Alpha Science,</subfield><subfield code='c'>2010.</subfield></datafield><datafield ind1=' ' ind2=' ' tag='300'><subfield code='a'>450 p. ;</subfield><subfield code='c'>24 cm.</subfield></datafield><datafield ind1='1' ind2=' ' tag='700'><subfield code='a'>Namboodri, Krishnan.</subfield></datafield><datafield ind1=' ' ind2=' ' tag='960'><subfield code='k'>MAIN</subfield><subfield code='g'>MONOGRAPH</subfield><subfield code='l'>stacks</subfield><subfield code='o'>1</subfield><subfield code='q'>041318</subfield><subfield code='s'>43.68</subfield><subfield code='u'>1qbif</subfield><subfield code='v'>coutt</subfield></datafield><datafield ind1=' ' ind2=' ' tag='961'><subfield code='f'>acqrat</subfield><subfield code='i'>8279133</subfield></datafield><datafield ind1='0' ind2=' ' tag='HLD'><subfield code='b'>MAIN</subfield><subfield code='c'>stacks</subfield><subfield code='h'>QH324.2</subfield><subfield code='8'>22416152250003811</subfield></datafield><datafield ind1=' ' ind2=' ' tag='ITM'><subfield code='b'>0</subfield><subfield code='h'>0</subfield><subfield code='g'>stacks</subfield><subfield code='e'>stacks</subfield><subfield code='8'>23416152240003811</subfield><subfield code='j'>0</subfield><subfield code='q'>2018-04-13 19:19:04</subfield><subfield code='i'>QH324.2</subfield><subfield code='d'>MAIN</subfield><subfield code='r'>2018-04-14 02:11:53</subfield><subfield code='f'>MAIN</subfield></datafield></record>