
<record xmlns='http://www.loc.gov/MARC21/slim'><leader>01534namZa2200505zZZ4500</leader><controlfield tag='001'>991036757482403811</controlfield><controlfield tag='005'>20170821202102.0</controlfield><controlfield tag='008'>160829s2005    xx      o           eng d</controlfield><datafield ind1=' ' ind2=' ' tag='020'><subfield code='a'>1-62870-861-1</subfield></datafield><datafield ind1=' ' ind2=' ' tag='035'><subfield code='a'>(CKB)2560000000260261</subfield></datafield><datafield ind1=' ' ind2=' ' tag='035'><subfield code='a'>(SSID)ssj0001236510</subfield></datafield><datafield ind1=' ' ind2=' ' tag='035'><subfield code='a'>(PQKBManifestationID)12442547</subfield></datafield><datafield ind1=' ' ind2=' ' tag='035'><subfield code='a'>(PQKBTitleCode)TC0001236510</subfield></datafield><datafield ind1=' ' ind2=' ' tag='035'><subfield code='a'>(PQKBWorkID)11258091</subfield></datafield><datafield ind1=' ' ind2=' ' tag='035'><subfield code='a'>(PQKB)10084934</subfield></datafield><datafield ind1=' ' ind2=' ' tag='035'><subfield code='a'>(EXLCZ)992560000000260261</subfield></datafield><datafield ind1=' ' ind2=' ' tag='040'><subfield code='a'>PQKB</subfield></datafield><datafield ind1=' ' ind2=' ' tag='041'><subfield code='a'>eng</subfield></datafield><datafield ind1='0' ind2='0' tag='245'><subfield code='a'>Immunological bioinformatics</subfield></datafield><datafield ind1='3' ind2='1' tag='264'><subfield code='a'>[Place of publication not identified]</subfield><subfield code='b'>MIT Press</subfield><subfield code='c'>2005</subfield></datafield><datafield ind1=' ' ind2=' ' tag='336'><subfield code='a'>text</subfield><subfield code='b'>txt</subfield></datafield><datafield ind1=' ' ind2=' ' tag='337'><subfield code='a'>computer</subfield><subfield code='b'>c</subfield></datafield><datafield ind1=' ' ind2=' ' tag='338'><subfield code='a'>online resource</subfield><subfield code='b'>cr</subfield></datafield><datafield ind1=' ' ind2=' ' tag='500'><subfield code='a'>Bibliographic Level Mode of Issuance: Monograph</subfield></datafield><datafield ind1=' ' ind2=' ' tag='546'><subfield code='a'>English</subfield></datafield><datafield ind1=' ' ind2='2' tag='650'><subfield code='a'>Artificial Intelligence</subfield></datafield><datafield ind1=' ' ind2='2' tag='650'><subfield code='a'>Biology</subfield></datafield><datafield ind1=' ' ind2='2' tag='650'><subfield code='a'>Pattern Recognition, Automated</subfield></datafield><datafield ind1=' ' ind2='2' tag='650'><subfield code='a'>Hemic and Immune Systems</subfield></datafield><datafield ind1=' ' ind2='2' tag='650'><subfield code='a'>Mathematical Concepts</subfield></datafield><datafield ind1=' ' ind2='2' tag='650'><subfield code='a'>Biological Science Disciplines</subfield></datafield><datafield ind1=' ' ind2='2' tag='650'><subfield code='a'>Phenomena and Processes</subfield></datafield><datafield ind1=' ' ind2='2' tag='650'><subfield code='a'>Computing Methodologies</subfield></datafield><datafield ind1=' ' ind2='2' tag='650'><subfield code='a'>Anatomy</subfield></datafield><datafield ind1=' ' ind2='2' tag='650'><subfield code='a'>Information Science</subfield></datafield><datafield ind1=' ' ind2='2' tag='650'><subfield code='a'>Natural Science Disciplines</subfield></datafield><datafield ind1=' ' ind2='2' tag='650'><subfield code='a'>Disciplines and Occupations</subfield></datafield><datafield ind1=' ' ind2='2' tag='650'><subfield code='a'>Immune System</subfield></datafield><datafield ind1=' ' ind2='2' tag='650'><subfield code='a'>Neural Networks (Computer)</subfield></datafield><datafield ind1=' ' ind2='2' tag='650'><subfield code='a'>Computational Biology</subfield></datafield><datafield ind1=' ' ind2='7' tag='650'><subfield code='a'>Biology</subfield><subfield code='2'>HILCC</subfield></datafield><datafield ind1=' ' ind2='7' tag='650'><subfield code='a'>Health &amp; Biological Sciences</subfield><subfield code='2'>HILCC</subfield></datafield><datafield ind1=' ' ind2='7' tag='650'><subfield code='a'>Microbiology &amp; Immunology</subfield><subfield code='2'>HILCC</subfield></datafield><datafield ind1=' ' ind2=' ' tag='700'><subfield code='a'>Lund, Ole</subfield><subfield code='e'>Contributor</subfield></datafield><datafield ind1=' ' ind2=' ' tag='776'><subfield code='z'>0-262-12280-4</subfield></datafield><datafield ind1=' ' ind2=' ' tag='906'><subfield code='a'>BOOK</subfield></datafield><datafield ind1=' ' ind2=' ' tag='ADM'><subfield code='b'>2017-08-23 09:46:47</subfield><subfield code='e'>992560000000260261</subfield><subfield code='d'>NON_SFX</subfield><subfield code='f'>20160803134623.0</subfield><subfield code='a'>2014-10-05 00:18:56</subfield><subfield code='c'>false</subfield></datafield><datafield ind1=' ' ind2=' ' tag='PRT'><subfield code='a'>53355747070003811</subfield><subfield code='b'>https://sandbox01-na.alma.exlibrisgroup.com/view/uresolver/01TULI_INST/openurl?u.ignore_date_coverage=true&amp;rft.mms_id=991036757482403811</subfield><subfield code='e'>Knovel</subfield><subfield code='9'>Available</subfield><subfield code='c'>Knovel Chemistry &amp; Chemical Engineering Academic</subfield><subfield code='h'>612560000000000448</subfield><subfield code='8'>53355747070003811</subfield></datafield></record>