
<record xmlns='http://www.loc.gov/MARC21/slim'><leader>03375nam a22007693u 4500</leader><controlfield tag='001'>991036814917303811</controlfield><controlfield tag='005'>20170815123409.0</controlfield><controlfield tag='006'>m        d        </controlfield><controlfield tag='007'>cr -n---------</controlfield><controlfield tag='008'>130418s2003|||||||     s|||||||||||eng|d</controlfield><datafield ind1=' ' ind2=' ' tag='020'><subfield code='a'>1-280-16339-9</subfield></datafield><datafield ind1=' ' ind2=' ' tag='020'><subfield code='a'>9786610163397</subfield></datafield><datafield ind1=' ' ind2=' ' tag='020'><subfield code='a'>0-511-07847-1</subfield></datafield><datafield ind1=' ' ind2=' ' tag='020'><subfield code='a'>0-511-12111-3</subfield></datafield><datafield ind1=' ' ind2=' ' tag='020'><subfield code='a'>0-511-20459-0</subfield></datafield><datafield ind1=' ' ind2=' ' tag='020'><subfield code='a'>0-511-56196-2</subfield></datafield><datafield ind1=' ' ind2=' ' tag='020'><subfield code='a'>0-511-61553-1</subfield></datafield><datafield ind1=' ' ind2=' ' tag='020'><subfield code='a'>0-511-07690-8</subfield></datafield><datafield ind1=' ' ind2=' ' tag='035'><subfield code='a'>(CKB)1000000000353643</subfield></datafield><datafield ind1=' ' ind2=' ' tag='035'><subfield code='a'>(EBL)221179</subfield></datafield><datafield ind1=' ' ind2=' ' tag='035'><subfield code='a'>(OCoLC)57511621</subfield></datafield><datafield ind1=' ' ind2=' ' tag='035'><subfield code='a'>(SSID)ssj0000202227</subfield></datafield><datafield ind1=' ' ind2=' ' tag='035'><subfield code='a'>(PQKBManifestationID)11171740</subfield></datafield><datafield ind1=' ' ind2=' ' tag='035'><subfield code='a'>(PQKBTitleCode)TC0000202227</subfield></datafield><datafield ind1=' ' ind2=' ' tag='035'><subfield code='a'>(PQKBWorkID)10251820</subfield></datafield><datafield ind1=' ' ind2=' ' tag='035'><subfield code='a'>(PQKB)11347023</subfield></datafield><datafield ind1=' ' ind2=' ' tag='035'><subfield code='a'>(UkCbUP)CR9780511615535</subfield></datafield><datafield ind1=' ' ind2=' ' tag='035'><subfield code='a'>(EXLCZ)991000000000353643</subfield></datafield><datafield ind1=' ' ind2=' ' tag='040'><subfield code='a'>AU-PeEL</subfield><subfield code='b'>eng</subfield><subfield code='c'>AU-PeEL</subfield><subfield code='d'>AU-PeEL</subfield></datafield><datafield ind1=' ' ind2=' ' tag='041'><subfield code='a'>eng</subfield></datafield><datafield ind1=' ' ind2='4' tag='050'><subfield code='a'>QP624.5.D726 S74 2003eb</subfield></datafield><datafield ind1='0' ind2='0' tag='082'><subfield code='a'>572.8/636</subfield><subfield code='a'>572.80285</subfield></datafield><datafield ind1='1' ind2=' ' tag='100'><subfield code='a'>Stekel, Dov.</subfield></datafield><datafield ind1='1' ind2='0' tag='245'><subfield code='a'>Microarray Bioinformatics</subfield><subfield code='h'>[electronic resource].</subfield></datafield><datafield ind1=' ' ind2='1' tag='264'><subfield code='a'>Cambridge :</subfield><subfield code='b'>Cambridge University Press,</subfield><subfield code='c'>2003.</subfield></datafield><datafield ind1=' ' ind2=' ' tag='300'><subfield code='a'>1 online resource (289 p.)</subfield></datafield><datafield ind1=' ' ind2=' ' tag='336'><subfield code='a'>text</subfield><subfield code='b'>txt</subfield></datafield><datafield ind1=' ' ind2=' ' tag='337'><subfield code='a'>computer</subfield><subfield code='b'>c</subfield></datafield><datafield ind1=' ' ind2=' ' tag='338'><subfield code='a'>online resource</subfield><subfield code='b'>cr</subfield></datafield><datafield ind1=' ' ind2=' ' tag='500'><subfield code='a'>Description based upon print version of record.</subfield></datafield><datafield ind1='0' ind2=' ' tag='505'><subfield code='a'>Cover; Half-title; Title; Copyright; Dedication; Contents; Foreword; Preface; Acknowledgments; MICROARRAY BIOINFORMATICS; CHAPTER ONE Microarrays: Making Them and Using Them; CHAPTER TWO Sequence Databases for Microarrays; CHAPTER THREE Computer Design of Oligonucleotide Probes; CHAPTER FOUR Image Processing; CHAPTER FIVE Normalisation; CHAPTER SIX Measuring and Quantifying Microarray Variability; CHAPTER SEVEN Analysis of Differentially Expressed Genes; CHAPTER EIGHT Analysis of Relationships Between Genes, Tissues or Treatments; CHAPTER NINE Classification of Tissues and Samples</subfield></datafield><datafield ind1='8' ind2=' ' tag='505'><subfield code='a'>CHAPTER TEN Experimental DesignCHAPTER ELEVEN Data Standards, Storage and Sharing; APPENDIX MIAME Glossary; INDEX</subfield></datafield><datafield ind1=' ' ind2=' ' tag='520'><subfield code='a'>DNA microarrays have revolutionised molecular biology and are becoming a standard tool in the field. Written for those from both laboratory and bioinformatics backgrounds, this book is a comprehensive guide to all of the mathematics, statistics and computing necessary to successfully carry out and analyze DNA microarray experiments.</subfield></datafield><datafield ind1=' ' ind2=' ' tag='546'><subfield code='a'>English</subfield></datafield><datafield ind1=' ' ind2='4' tag='650'><subfield code='a'>DNA microarrays.</subfield></datafield><datafield ind1=' ' ind2='0' tag='655'><subfield code='a'>Electronic books.</subfield></datafield><datafield ind1=' ' ind2='2' tag='650'><subfield code='a'>Computational Biology</subfield></datafield><datafield ind1=' ' ind2='2' tag='650'><subfield code='a'>Gene Expression Profiling</subfield></datafield><datafield ind1=' ' ind2='2' tag='650'><subfield code='a'>Oligonucleotide Array Sequence Analysis</subfield></datafield><datafield ind1=' ' ind2='2' tag='650'><subfield code='a'>Nucleic Acid Hybridization</subfield></datafield><datafield ind1=' ' ind2='2' tag='650'><subfield code='a'>Sequence Analysis</subfield></datafield><datafield ind1=' ' ind2='2' tag='650'><subfield code='a'>Biology</subfield></datafield><datafield ind1=' ' ind2='2' tag='650'><subfield code='a'>Genetic Techniques</subfield></datafield><datafield ind1=' ' ind2='2' tag='650'><subfield code='a'>Molecular Probe Techniques</subfield></datafield><datafield ind1=' ' ind2='2' tag='650'><subfield code='a'>Microarray Analysis</subfield></datafield><datafield ind1=' ' ind2='2' tag='650'><subfield code='a'>Biological Science Disciplines</subfield></datafield><datafield ind1=' ' ind2='2' tag='650'><subfield code='a'>Investigative Techniques</subfield></datafield><datafield ind1=' ' ind2='2' tag='650'><subfield code='a'>Microchip Analytical Procedures</subfield></datafield><datafield ind1=' ' ind2='2' tag='650'><subfield code='a'>Natural Science Disciplines</subfield></datafield><datafield ind1=' ' ind2='2' tag='650'><subfield code='a'>Chemistry Techniques, Analytical</subfield></datafield><datafield ind1=' ' ind2='2' tag='650'><subfield code='a'>Analytical, Diagnostic and Therapeutic Techniques and Equipment</subfield></datafield><datafield ind1=' ' ind2='2' tag='650'><subfield code='a'>Disciplines and Occupations</subfield></datafield><datafield ind1=' ' ind2='7' tag='650'><subfield code='a'>Animal Biochemistry</subfield><subfield code='2'>HILCC</subfield></datafield><datafield ind1=' ' ind2='7' tag='650'><subfield code='a'>Human Anatomy &amp; Physiology</subfield><subfield code='2'>HILCC</subfield></datafield><datafield ind1=' ' ind2='7' tag='650'><subfield code='a'>Health &amp; Biological Sciences</subfield><subfield code='2'>HILCC</subfield></datafield><datafield ind1=' ' ind2=' ' tag='776'><subfield code='z'>0-521-52587-X</subfield></datafield><datafield ind1=' ' ind2=' ' tag='776'><subfield code='z'>0-521-81982-2</subfield></datafield><datafield ind1=' ' ind2=' ' tag='906'><subfield code='a'>BOOK</subfield></datafield><datafield ind1=' ' ind2=' ' tag='ADM'><subfield code='b'>2017-08-21 12:23:42</subfield><subfield code='e'>1000000000353643</subfield><subfield code='d'>CUP</subfield><subfield code='f'>20151005020622.0</subfield><subfield code='a'>2012-02-26 00:29:58</subfield><subfield code='c'>false</subfield></datafield><datafield ind1=' ' ind2=' ' tag='PRT'><subfield code='a'>53393382320003811</subfield><subfield code='b'>https://sandbox01-na.alma.exlibrisgroup.com/view/uresolver/01TULI_INST/openurl?u.ignore_date_coverage=true&amp;rft.mms_id=991036814917303811</subfield><subfield code='e'>EBSCOhost</subfield><subfield code='9'>Available</subfield><subfield code='c'>EBSCOhost Academic eBook Collection (North America)</subfield><subfield code='h'>613640000000000029</subfield><subfield code='8'>53393382320003811</subfield></datafield><datafield ind1=' ' ind2=' ' tag='PRT'><subfield code='a'>53395747860003811</subfield><subfield code='b'>https://sandbox01-na.alma.exlibrisgroup.com/view/uresolver/01TULI_INST/openurl?u.ignore_date_coverage=true&amp;rft.mms_id=991036814917303811</subfield><subfield code='e'>EBSCOhost</subfield><subfield code='9'>Available</subfield><subfield code='c'>EBSCOhost eBook Community College Collection</subfield><subfield code='h'>613860000000000003</subfield><subfield code='8'>53395747860003811</subfield></datafield></record>