
<record xmlns='http://www.loc.gov/MARC21/slim'><leader>01311cam a22004098a 4500</leader><controlfield tag='005'>20010521091853.0</controlfield><controlfield tag='008'>001204s2001    nyu           001 0 eng  </controlfield><controlfield tag='001'>991025085189703811</controlfield><datafield ind1=' ' ind2=' ' tag='010'><subfield code='a'>00068610</subfield></datafield><datafield ind1=' ' ind2=' ' tag='020'><subfield code='a'>0471383902 (cloth : alk. paper)</subfield></datafield><datafield ind1=' ' ind2=' ' tag='020'><subfield code='a'>0471383910 (pbk.)</subfield></datafield><datafield ind1=' ' ind2=' ' tag='035'><subfield code='a'>(PPT)b24197002-01tuli_inst</subfield></datafield><datafield ind1=' ' ind2=' ' tag='035'><subfield code='a'>(OCoLC)45556215</subfield><subfield code='9'>ExL</subfield></datafield><datafield ind1=' ' ind2=' ' tag='040'><subfield code='a'>DLC</subfield><subfield code='c'>DLC</subfield><subfield code='d'>UKM</subfield></datafield><datafield ind1=' ' ind2=' ' tag='042'><subfield code='a'>pcc</subfield></datafield><datafield ind1=' ' ind2=' ' tag='049'><subfield code='a'>TMYM</subfield><subfield code='c'>[1]</subfield><subfield code='l'>05-17-2001. Rittenhouse. Promptcat.</subfield><subfield code='o'>164.95</subfield></datafield><datafield ind1=' ' ind2=' ' tag='096'><subfield code='a'>QU 58 B565 2001</subfield></datafield><datafield ind1='0' ind2='0' tag='245'><subfield code='a'>Bioinformatics :</subfield><subfield code='b'>a guide to the analysis of genes and proteins /</subfield><subfield code='c'>edited by Andreas D. Baxevanis, B.F. Francis Ouellette.</subfield></datafield><datafield ind1=' ' ind2=' ' tag='250'><subfield code='a'>2nd ed.</subfield></datafield><datafield ind1=' ' ind2=' ' tag='260'><subfield code='a'>New York :</subfield><subfield code='b'>Wiley,</subfield><subfield code='c'>2001.</subfield></datafield><datafield ind1=' ' ind2=' ' tag='263'><subfield code='a'>0104</subfield></datafield><datafield ind1=' ' ind2=' ' tag='300'><subfield code='a'>xviii, 470 p. :</subfield><subfield code='b'>ill. ; 25 cm.</subfield></datafield><datafield ind1=' ' ind2=' ' tag='500'><subfield code='a'>Includes index.</subfield></datafield><datafield ind1=' ' ind2='0' tag='650'><subfield code='a'>Nucleotide sequence</subfield><subfield code='v'>Databases.</subfield></datafield><datafield ind1=' ' ind2='0' tag='650'><subfield code='a'>Amino acid sequence</subfield><subfield code='v'>Databases.</subfield></datafield><datafield ind1=' ' ind2='0' tag='650'><subfield code='a'>Genes</subfield><subfield code='x'>Analysis</subfield><subfield code='x'>Data processing.</subfield></datafield><datafield ind1=' ' ind2='0' tag='650'><subfield code='a'>Proteins</subfield><subfield code='x'>Analysis</subfield><subfield code='x'>Data processing.</subfield></datafield><datafield ind1=' ' ind2='2' tag='650'><subfield code='a'>Computational Biology</subfield><subfield code='x'>methods.</subfield></datafield><datafield ind1=' ' ind2='2' tag='650'><subfield code='a'>Base Sequence.</subfield></datafield><datafield ind1=' ' ind2='2' tag='650'><subfield code='a'>Sequence Analysis</subfield><subfield code='x'>methods.</subfield></datafield><datafield ind1=' ' ind2='2' tag='650'><subfield code='a'>Proteins</subfield><subfield code='x'>analysis.</subfield></datafield><datafield ind1='1' ind2=' ' tag='700'><subfield code='a'>Baxevanis, Andreas D.</subfield></datafield><datafield ind1='1' ind2=' ' tag='700'><subfield code='a'>Ouellette, B. F. Francis.</subfield></datafield><datafield ind1=' ' ind2=' ' tag='907'><subfield code='a'>.b24197002</subfield><subfield code='b'>hk   </subfield><subfield code='c'>-</subfield></datafield><datafield ind1=' ' ind2=' ' tag='902'><subfield code='a'>080211</subfield></datafield><datafield ind1=' ' ind2=' ' tag='998'><subfield code='b'>1</subfield><subfield code='c'>070901</subfield><subfield code='d'>m</subfield><subfield code='e'>a</subfield><subfield code='f'>-</subfield><subfield code='g'>0</subfield></datafield><datafield ind1=' ' ind2=' ' tag='998'><subfield code='b'>1</subfield><subfield code='c'>070901</subfield><subfield code='d'>m</subfield><subfield code='e'>a</subfield><subfield code='f'>-</subfield><subfield code='g'>0</subfield></datafield><datafield ind1=' ' ind2=' ' tag='945'><subfield code='l'>hkbst</subfield><subfield code='g'>1</subfield></datafield><datafield ind1=' ' ind2=' ' tag='ADM'><subfield code='e'>b24197002-01tuli_inst</subfield><subfield code='d'>ILS</subfield><subfield code='a'>2017-06-20 08:14:28</subfield><subfield code='c'>false</subfield></datafield><datafield ind1='2' ind2=' ' tag='HLD'><subfield code='b'>GINSBURG</subfield><subfield code='c'>stacks</subfield><subfield code='h'>QU 58 B565 2001</subfield><subfield code='8'>22279410290003811</subfield></datafield><datafield ind1=' ' ind2=' ' tag='ITM'><subfield code='r'>22279410290003811</subfield><subfield code='b'>1</subfield><subfield code='h'>2</subfield><subfield code='g'>stacks</subfield><subfield code='t'>BOOK</subfield><subfield code='9'>39074500154307</subfield><subfield code='e'>stacks</subfield><subfield code='8'>23279410280003811</subfield><subfield code='a'>0</subfield><subfield code='q'>2017-06-20 08:14:28</subfield><subfield code='i'>QU 58 B565 2001</subfield><subfield code='d'>GINSBURG</subfield><subfield code='f'>GINSBURG</subfield></datafield></record>